4912 6506
1244 473 1503 520 -ΧΙΙ-

656 761 853 840 »exoptatum
893 755 1040 838 contigit,
1088 753 1172 837 quod
1206 754 1474 820 Revereudissimi
1511 751 1639 819 Domini
1675 751 1867 816 llarchiouis
1902 750 2094 835 Dionysii

656 874 812 940 »Caroli
842 875 1022 950 Diouisi,
1059 873 1151 940 Sedis
1177 875 1379 959 Episcopalis
1401 874 1518 940 Vicarii
1546 871 1730 953 Generalis,
1767 880 1800 938 et
1826 870 2095 937 Reverendissimi

656 995 797 1060 »Domini
820 995 951 1061 Comitis
977 995 1276 1060 Bartholomaei
1306 994 1536 1076 Guarienti,
1570 991 1784 1059 Bibliothecae
1812 992 2005 1077 capitularis
2026 993 2094 1057 An-

657 1114 790 1193 aistitis,
815 1115 958 1181 Virorum
981 1115 1127 1182 omuibus
1148 1113 1354 1180 humanitatis
1375 1114 1502 1180 dotibus
1523 1113 1708 1197 insignium,
1735 1113 1982 1178 benivolentiam
2004 1113 2094 1179 nobis

655 1235 917 1302 »conciliavimus
963 1235 1067 1300 Tanta
1089 1235 1243 1319 imprimis
1265 1234 1520 1300 excellentissimi
1543 1233 1677 1300 Comitis
1700 1233 1911 1300 Guarienti
1938 1253 2015 1317 erga
2036 1253 2094 1299 uos

655 1355 729 1422 »luit
755 1355 902 1436 comitas,
935 1362 1086 1438 tantaque
1113 1355 1305 1435 liberalitas,
1330 1363 1364 1420 ut
1391 1356 1497 1436 nulla,
1531 1374 1595 1438 qua
1622 1354 1755 1422 consilia
1782 1359 1891 1420 nostra
1917 1361 2092 1438 promotum

654 1475 705 1540 »iri
728 1476 900 1556 sentiebat,
926 1475 1070 1541 molestia
1091 1475 1219 1560 gravari
1242 1475 1412 1542 videretur.

740 1595 966 1662 »Bekkerus
994 1594 1074 1676 illis,
1105 1615 1187 1678 quae
1216 1615 1314 1680 supra
1342 1595 1451 1679 tetigi,
1465 1575 1469 1586 ¹
1483 1596 1675 1662 Academiae
1698 1595 1816 1679 Regiae
1838 1594 1998 1661 mandatis
2020 1595 2093 1662 diu-

652 1716 729 1782 »tius
752 1716 783 1781 in
806 1716 900 1781 Italia
921 1715 1171 1798 detinebatur⁸);
1204 1715 1280 1781 mihi
1303 1736 1378 1782 vero
1401 1736 1472 1782 oum
1495 1716 1730 1798 Hollwegio
1755 1733 1898 1792 reverso,
1923 1723 2091 1800 postquam

653 1836 699 1902 »in
729 1835 920 1902 Academiae
947 1855 1096 1901 consessu
1126 1836 1167 1902 de
1196 1836 1309 1903 itinere
1337 1837 1463 1916 rettuli,
1496 1836 1572 1920 Gaji
1600 1835 1819 1903 institutiones
1848 1837 2092 1918 Fragmentum-

653 1977 727 2040 »quc
748 1957 789 2023 de
811 1956 884 2021 Iure
905 1955 990 2022 Fisei
1012 1956 1127 2022 edendi
1149 1976 1264 2022 munus
1287 1956 1467 2040 injunctum
1489 1963 1548 2024 est.
1574 1965 1659 2023 etc«

736 2078 777 2142 Et
798 2076 937 2161 prolecto
960 2076 1160 2142 laudabiliter
1183 2077 1338 2143 satisfecit
1361 2076 1527 2143 Goescheu
1550 2076 1642 2160 primi
1664 2075 1795 2143 editoris
1817 2057 1950 2143 muneri.
1990 2079 2092 2144 Multa

649 2197 733 2268 euim
756 2216 837 2281 quae
859 2217 943 2262 nunc
971 2197 1122 2263 facillima
1150 2197 1312 2263 intellectu
1335 2177 1522 2274 uideantur,
1552 2196 1742 2262 difficillima
1771 2196 1869 2263 luisse
1896 2198 2092 2282 inuestigatu

651 2317 789 2384 schedae
817 2317 892 2383 illae
914 2316 1148 2396 demonstrant,
1182 2336 1264 2400 quae
1292 2338 1314 2382 a
1336 2317 1521 2384 Goescheno
1543 2317 1692 2383 Behkero
1715 2315 2092 2402 Bethmann-Hollwegio

651 2439 796 2504 Veronae
819 2438 979 2503 conlectae
1001 2443 1033 2502 et
1054 2436 1275 2503 aGoeseheno
1298 2458 1372 2504 mox
1393 2437 1571 2522 descriptae
1593 2434 1711 2520 cunti).
1752 2435 1854 2514 Quem
1875 2458 1947 2503 cum
1962 2438 2092 2504 Bekkor

650 2565 683 2624 et
704 2559 869 2641 Hollweg‚
900 2558 954 2641 qui
977 2558 1107 2624 comites
1129 2558 1158 2624 ei
1182 2567 1272 2624 erant
1293 2559 1349 2624 illo
1371 2566 1512 2644 tempore
1533 2566 1565 2624 et
1586 2558 1703 2623 laboris
1726 2558 1813 2640 socii,
1840 2565 2023 2644 praesentes
2044 2559 2092 2624 ita

649 2678 865 2758 adinuissent,
898 2686 933 2744 ut
961 2678 1031 2761 quis
1059 2698 1182 2762 quoque
1210 2678 1279 2744 loco
1308 2679 1461 2744 lectiones
1483 2679 1535 2744 uel
1565 2677 1665 2744 oculis
1692 2677 1867 2744 inuenisset
1895 2679 2015 2764 primus
2038 2681 2090 2745 uel

650 2798 766 2865 iudicio
794 2798 1017 2883 expendisset,
1041 2798 1104 2864 dici
1133 2799 1295 2882 nequiret,
1327 2799 1360 2864 in
1391 2820 1482 2866 suum
1506 2799 1619 2882 cuique
1641 2799 1809 2866 tribuendo
1830 2807 1998 2866 accuratus
2020 2819 2092 2866 esse
2125 2881 2130 2888 ¹

652 2939 714 2985 non
737 2918 837 3004 potui.
877 2919 988 3002 ltaque
1012 2918 1065 2984 ubi
1088 2919 1240 2986 lectiones
1262 2919 1296 2984 in
1319 2919 1447 2986 schedis
1468 2920 1533 2985 illis
1556 2920 1736 3005 propositas
1758 2920 1829 3004 ipse
1850 2927 1979 3004 propter
1994 2939 2094 2985 mem-

652 3040 771 3105 branae
804 3039 910 3104 tabem
944 3057 1045 3121 neque
1078 3039 1262 3105 confirmare
1291 3047 1435 3124 poteram
1464 3059 1567 3123 neque
1600 3039 1758 3120 refutare,
1795 3039 1984 3106 Goescheno
2016 3041 2095 3106 iuris

653 3159 758 3225 erutus
780 3141 925 3243 inprimis
947 3159 1048 3243 perro
1070 3165 1102 3225 et
1117 3159 1319 3226 uetuerunt
1340 3167 1372 3226 et
1386 3160 1639 3245 nouwepanaq
1666 3159 1861 3226 minuimur.
1904 3160 1952 3226 na
1974 3161 2092 3242 omnia,

653 3301 735 3364 (puae
757 3299 798 3345 ex
820 3278 870 3344 his
892 3278 1019 3345 schedis
1042 3279 1076 3344 in
1098 3287 1278 3346 contextum
1301 3280 1422 3366 recepi,
1448 3280 1507 3346 hoc
1530 3280 1729 3368 parenthesis
1752 3281 1844 3366 signo
1872 3282 1880 3364 (
1925 3284 1932 3364 l
1960 3281 2095 3346 circum-

654 3401 785 3485 scripsi:
810 3400 899 3465 uelut
921 3419 996 3484 pag.
1016 3401 1120 3480 35,23
1143 3399 1203 3466 hoo
1225 3401 1349 3485 signum
1372 3401 1491 3468 indicat
1516 3405 1578 3464 lct
1594 3432 1609 3466 ι
1625 3405 1924 3466 ιῖικκθὸΙΝΙΟΝ
1939 3431 1953 3465 ι
1967 3406 2093 3466 ctcn

656 3505 893 3622 auepahu
909 3567 923 3600 ι
940 3505 1228 3602 θὸὃιιεςιλῖξ·
1260 3538 1381 3604 litteras
1410 3557 1429 3604 a
1457 3559 1508 3604 me
1535 3538 1606 3623 ipso
1635 3538 1749 3624 dispici
1776 3559 1841 3605 non
1870 3539 2011 3624 potuisse
2039 3538 2096 3606 sed

656 3658 732 3724 solis
764 3657 891 3724 schedis
921 3657 1098 3723 Goesoheni
1126 3658 1233 3725 deberi
1242 3655 1280 3743 ἆ).
1333 3659 1398 3724 llas
1427 3659 1568 3738 litteras,
1601 3679 1684 3744 quoe
1712 3658 1745 3724 in
1773 3658 1824 3725 his
1852 3659 1933 3744 ipsis
1960 3659 2096 3726 interro-

655 3778 793 3864 gationis
821 3777 913 3864 signo
940 3783 1068 3844 notatae
1095 3788 1187 3860 suut,
1219 3779 1347 3864 punctis
1375 3779 1579 3846 adumbrari:
1611 3779 1699 3845 uelut
1728 3782 1779 3862 35,
1793 3783 1832 3844 23
1863 3784 1892 3842 tl
1921 3780 2041 3847 indicat
2062 3781 2096 3846 in

724 4059 743 4118 ¹)
765 4051 844 4107 cont.
871 4069 939 4124 quae
963 4053 1098 4108 Ernestus
1121 4053 1272 4108 Immunuel
1296 4053 1407 4109 Belrlrer
1430 4055 1640 4110 iurisconsultus
1664 4054 1841 4109 immanuelis
1865 4054 1998 4126 philologi
2022 4055 2095 4110 tilius

653 4139 691 4194 de
710 4157 741 4194 ea
758 4155 788 4192 re
806 4137 913 4193 rettulit
929 4139 957 4193 iu
976 4140 1067 4194 annal.
1088 4139 1198 4194 Bornos.
1219 4137 1319 4194 xxlx
1336 4155 1399 4211 pag.
1420 4142 1452 4193 23
1471 4157 1527 4212 seq.

724 4243 745 4305 a,
768 4241 848 4296 Cous.
869 4241 902 4296 de
926 4241 968 4298 his
992 4242 1110 4306 schedis,
1136 4259 1206 4314 quae
1230 4260 1302 4297 nuuc
1325 4260 1380 4298 uua
1404 4261 1466 4298 cum
1490 4242 1787 4300 schedisBluhmianis
1811 4252 1919 4299 etcum
1937 4245 2095 4317 apographo

656 4328 802 4399 fragmenti
831 4327 865 4382 dc
893 4327 951 4381 inre
969 4327 1026 4383 fisci
1049 4329 1078 4382 iu
1107 4328 1272 4384 bibliotheca
1294 4329 1371 4398 regia
1394 4328 1566 4384 Berolinensi
1586 4334 1661 4394 (msc.
1681 4329 1728 4384 lat.
1749 4328 1796 4382 iol.
1817 4333 1875 4394 ³08)
1902 4331 2093 4396 adseruantur,

656 4413 954 4484 Bethmauu-Hollweg
975 4413 1003 4468 iu
1020 4413 1188 4470 »Zeitschrilt
1214 4413 1258 4468 ihr
1276 4403 1546 4485 Rechtsgeschichteo
1569 4415 1625 4470 uol.
1645 4415 1671 4468 V
1694 4432 1757 4487 pag.
1778 4417 1827 4468 362
1853 4433 1912 4486 sqq.
1963 4417 2097 4473 Memoria

656 4502 780 4573 inprimis
798 4501 883 4572 digna
901 4509 966 4554 sunt
983 4518 1054 4572 quae
1071 4517 1134 4571 pag.
1147 4503 1196 4554 tot
1216 4501 1363 4556 docentur:
1383 4501 1493 4555 »Wenn
1510 4502 1554 4557 die
1567 4501 1786 4556 Gdachen’scben
1799 4499 1922 4556 Scheden
1939 4502 1984 4556 die
1996 4502 2097 4557 Grdsse

657 4588 731 4643 eiuer
748 4587 843 4642 Litcke
867 4585 952 4642 durch
976 4584 1036 4640 eine
1054 4585 1139 4640 Reilre
1157 4603 1210 4640 von
1228 4585 1378 4642 Sternchen
1405 4589 1530 4658 angeben
1557 4586 1639 4654 [conl.
1659 4605 1682 4640 e.
1703 4605 1731 4658 g.
1751 4605 1813 4658 pag.
1835 4589 1867 4639 ³5
1886 4591 1957 4644 ders.
1978 4591 2038 4656 23],
2065 4607 2096 4643 ιο

656 4673 821 4728 bezeichnen
845 4672 918 4727 diese
941 4671 1017 4726 nicht
1040 4690 1125 4743 ganne
1151 4673 1334 4738 Buohstabeu,
1362 4673 1480 4727 soudern
1505 4674 1626 4728 einzelne
1648 4673 1771 4738 Striehe,
1797 4673 1880 4728 deren
1903 4673 1984 4745 jeder
2007 4674 2096 4728 Eineu

656 4759 846 4823 Buchstahen,
867 4776 890 4812 a.
905 4757 936 4811 B.
961 4775 986 4824 r,
1012 4759 1076 4812 aher
1092 4757 1162 4812 auch
1180 4758 1245 4812 zwci
1262 4758 1352 4812 Einen
1370 4777 1392 4812 ι.
1409 4759 1441 4813 Β.
1461 4760 1506 4813 ein
1527 4775 1547 4814 ιι
1566 4759 1634 4813 oder
1654 4775 1671 4812 u
1691 4759 1748 4813 und
1766 4759 1824 4814 drei
1845 4777 1867 4812 z.
1883 4760 1915 4812 B.
1936 4759 1979 4814 ein
1999 4776 2025 4814 co
2043 4759 2097 4814 bil·

656 4843 710 4899 deu
728 4843 870 4899 ὶὸιιιιοιι..
1217 4843 1220 4851 ’

726 4953 744 5012 ⁰]
766 4947 799 5002 lu
818 4965 873 5004 nne
890 4963 953 5020 pag.
969 4951 1011 5013 30,
1031 4964 1112 5017 quarn
1130 4945 1218 5000 solum
1237 4945 1421 5017 Hollweginm
1438 4947 1538 5018 legisse
1557 4947 1699 5002 Goeschen
1717 4947 1870 5014 adnotault,
1893 4948 1933 5002 illi
1951 4967 2030 5004 suum
2047 4948 2097 5006 tri-

656 5033 739 5090 bncre
758 5036 843 5106 potui.

726 5135 749 5200 d)
768 5137 822 5190 Pro
839 5136 883 5190 hia
900 5135 965 5209 ipsis
982 5136 1079 5190 litteris
1101 5136 1167 5207 quid
1180 5135 1295 5189 Bluhme
1313 5135 1464 5206 disperisse
1482 5136 1533 5191 sibi
1551 5119 1628 5191 uisus
1647 5137 1689 5201 sit,
1711 5137 1791 5192 docet
1809 5147 1874 5192 uota
1891 5137 1954 5193 huic
1972 5139 2064 5193 uersui
2082 5155 2098 5192 a

659 5237 702 5277 me
720 5223 882 5293 subscripta.
903 5223 931 5276 iu
950 5239 1005 5292 qua
1024 5222 1028 5292 ι
1047 5221 1148 5277 lineola
1166 5221 1304 5292 siguificat
1321 5239 1416 5276 uersus
1437 5222 1519 5277 tinem
1537 5221 1664 5278 Bluhmio
1684 5224 1848 5295 apparuisse.
