4912 6506
898 615 950 628 ····
1004 598 1081 650 xl'll
1133 620 1185 632 -

315 879 394 946 nibil
424 879 497 947 aliis
527 881 629 966 ιιιιιςιι
657 902 707 948 me
737 881 885 948 adiuuari
906 881 992 948 iacili
1020 884 1146 968 negotio
1168 891 1318 968 expertus
1340 903 1460 966 essem,
1494 884 1594 952 sicubi
1617 905 1658 952 nc
1679 890 1766 970 apri-

315 1001 440 1068 catione
462 1001 589 1086 quidem
611 1002 784 1086 quidquam
814 1003 883 1069 sinc
905 1003 997 1069 nouis
1020 1003 1169 1071 remediis
1188 1003 1303 1090 dispici
1325 1024 1420 1090 posse
1434 1005 1614 1086 uidebatur,
1639 1006 1672 1071 in
1696 1025 1766 1086 ,ex-

315 1121 494 1188 terioribun‘
517 1122 645 1208 paginis
666 1123 754 1189 kalio
770 1123 956 1208 sulphurato
970 1141 1048 1190 usns
1063 1142 1146 1202 sum,
1170 1124 1203 1190 in
1227 1124 1456 1204 ,interioribus‘
1480 1127 1765 1210 auctore·Angnsto

316 1241 474 1308 Guilelmo
496 1243 656 1310 Hofmann
678 1243 876 1310 Berolinensi
900 1263 937 1310 eo
959 1243 1109 1325 remedio,
1135 1245 1218 1328 quod
1241 1245 1274 1312 in
1296 1245 1464 1312 annalibus
1487 1245 1596 1330 philol.
1622 1267 1652 1312 a.
1682 1249 1763 1312 1868

319 1367 402 1448 lpag.
423 1367 485 1428 546
507 1371 573 1430 unt.
596 1366 622 1448 1)
649 1365 828 1430 accuratius
849 1363 1024 1450 descripsi:
1058 1365 1118 1432 hoc
1145 1365 1242 1448 igitur
1266 1365 1321 1448 qui
1343 1365 1388 1431 uti
1410 1367 1506 1449 uolet,
1532 1365 1611 1433 lsalii
1634 1367 1764 1452 sulpho-

314 1483 442 1568 cyanati
470 1485 536 1566 (aut
557 1485 708 1551 ammonii
731 1484 983 1570 sulpbocyanati]
1008 1503 1110 1569 grana
1130 1505 1214 1568 aqua
1236 1485 1340 1552 diluat
1360 1486 1511 1552 admixtis
1534 1487 1645 1573 paucis
1666 1487 1765 1571 guttis

315 1603 399 1670 acidi
427 1598 596 1670 muriaticiss
649 1605 734 1671 lllud
766 1603 882 1689 partim
911 1605 1062 1670 luteolum
1094 1605 1209 1690 partim
1242 1605 1409 1672 liuidulnm
1438 1607 1574 1674 colorem
1603 1607 1760 1690 relinquit,

314 1733 425 1808 estque
446 1724 523 1790 dum
545 1724 653 1790 madet
681 1745 744 1790 non
772 1727 852 1790 bene
875 1723 964 1792 olens
994 1723 1051 1791 sed
1073 1725 1244 1792 admodum
1266 1747 1432 1812 asperum,
1465 1727 1525 1794 hoc
1547 1727 1623 1794 dum
1646 1727 1763 1794 dilabi-

315 1853 384 1924 tur,
414 1845 537 1912 litteraa
560 1863 720 1930 emergere
741 1843 889 1910 uidentur
911 1845 1144 1929 pallidulusqnc
1167 1866 1276 1912 earum
1298 1848 1385 1912 color
1406 1848 1498 1932 quasi
1527 1848 1612 1914 laeta
1634 1855 1666 1914 et
1688 1849 1764 1914 sub-

314 1966 413 2032 rubea
434 1965 629 2034 incrementa
650 1965 748 2051 capit,
773 1964 827 2031 ubi
849 1965 984 2045 exaruit,
1002 1966 1138 2049 uestigio
1159 1966 1248 2034 nullo
1269 1966 1378 2034 relicto
1399 1967 1536 2052 pristina
1557 1967 1662 2051 caligo
1684 1967 1763 2034 duc-

314 2085 398 2152 tibus
426 2085 608 2152 offunditur.
655 2085 779 2164 Quibus
806 2085 839 2150 in
865 2069 1019 2152 'remediis
1046 2085 1236 2152 adhibendis
1263 2085 1296 2151 id
1324 2107 1421 2153 unum
1444 2088 1616 2154 uidendum
1646 2095 1695 2156 est
1722 2107 1763 2154 ne

312 2227 426 2292 parum
448 2227 551 2291 aquae
573 2206 771 2274 admisceas:
796 2203 880 2288 quod
902 2205 956 2271 nbi
977 2205 1166 2290 neglexeris,
1193 2205 1316 2290 fragilis
1334 2213 1367 2272 ct
1388 2209 1556 2276 tabescens
1578 2210 1763 2276 membrana

314 2327 419 2392 subita
440 2329 532 2394 ruina
555 2328 728 2394 collabetur
750 2325 960 2409 sustinerique
982 2324 1068 2391 nullo
1090 2326 1191 2392 modo
1205 2325 1322 2412 poterit
1342 2327 1400 2394 sed
1423 2327 1534 2394 foedas
1554 2337 1629 2414 aget
1650 2330 1758 2396 rimas.

313 2445 435 2524 Quodsi
464 2469 527 2532 qua
558 2446 677 2532 pagina
705 2447 800 2514 nimis
830 2446 935 2512 tenuis
963 2445 1004 2511 ad
1033 2453 1151 2512 lactum
1179 2446 1231 2512 nel
1260 2445 1409 2514 remediis
1439 2447 1638 2514 Bluhmianis
1667 2449 1762 2516 nimis

313 2569 474 2634 maculata
495 2587 566 2634 esse
588 2567 765 2648 uidebatur,
784 2585 887 2651 neque
908 2567 974 2632 nlla
994 2567 1171 2652 apparebat
1187 2585 1262 2650 spes
1284 2566 1350 2636 lore
1372 2573 1407 2632 nt
1428 2567 1508 2634 meis
1523 2568 1763 2636 medicamentis

313 2687 435 2754 litterae
447 2687 591 2754 Gaianae
606 2687 712 2754 nudae
728 2696 761 2754 et
775 2694 930 2754 uenustae
944 2686 1029 2752 omni
1042 2685 1309 2770 Hieronymiauae
1323 2687 1500 2772 scripturae
1514 2689 1586 2755 nelo
1601 2696 1763 2774 tamqnam

314 2815 403 2874 ueste
424 2806 568 2874 denacta
589 2815 862 2893 recuperarentnr,
893 2807 936 2874 ad
958 2806 1106 2873 Ginliarii
1130 2806 1328 2874 uoluntatem
1357 2827 1408 2873 me
1430 2809 1680 2890 accommodaui,
1707 2810 1762 2892 qui

215 3005 218 3016 1
314 2928 447 2994 uenenis
469 2947 525 2994 eas
548 2929 635 2994 solas
657 2931 859 2996 membranas
881 2927 986 2994 denuo
1009 2927 1158 3011 temptari
1181 2927 1298 3012 uoluit,
1330 2947 1413 3012 quae
1436 2927 1637 2996 adhibendae
1659 2929 1763 2995 medi-

313 3048 405 3116 cinae
428 3050 480 3114 uel
498 3049 723 3115 necessitatem
747 3055 981 3116 commonerent
1003 3049 1055 3114 uel
1071 3046 1331 3115 commendarent
1352 3048 1536 3116 utilitatem.
1576 3049 1688 3134 Neque
1710 3051 1761 3115 in-

312 3167 397 3234 fitior
419 3169 620 3235 collationem
642 3189 747 3234 meam
770 3168 907 3234 tortasse
929 3188 993 3236 non
1015 3169 1162 3234 omnibns
1184 3167 1325 3234 numeris
1348 3169 1528 3236 absolutam
1550 3189 1634 3236 esse.
1681 3169 1762 3248 Quis

313 3289 398 3354 enim
421 3297 487 3354 tam
511 3291 607 3356 stulte
629 3309 784 3373 arrogans
806 3297 865 3372 est,
891 3297 927 3354 nt
949 3287 1058 3356 credat
1080 3309 1121 3355 ne
1144 3288 1308 3373 speculam
1331 3287 1460 3371 quidem
1487 3309 1559 3356 esse
1582 3291 1763 3358 efficaciora
1865 3314 1867 3320 ¹

311 3409 389 3474 olim
404 3409 639 3476 medicamenta
653 3410 818 3476 inuentam
840 3408 904 3474 iri?
938 3409 1030 3475 Hanc
1045 3409 1144 3493 igitur
1158 3409 1355 3476 desertarum
1378 3409 1543 3493 regionum
1559 3410 1760 3480 sterilitatem

313 3529 361 3596 cis
384 3530 570 3596 commendo
592 3529 697 3597 denuo
712 3529 986 3616 perlustrandam,
1014 3529 1069 3614 qui
1092 3549 1152 3595 nco
1172 3529 1390 3596 molestiarum
1414 3531 1621 3614 laborumque
1636 3531 1762 3598 dintur-

312 3649 447 3715 nitatem
475 3651 568 3717 ueriti
596 3658 629 3717 et
657 3651 749 3716 nouis
778 3651 914 3717 fortasse
942 3649 1093 3716 remediis
1121 3648 1273 3716 chemicis
1302 3646 1403 3716 adiuti
1432 3649 1466 3716 lu
1496 3651 1618 3718 eisdem
1647 3651 1762 3718 studiis

312 3787 440 3854 operam
457 3771 668 3837 collocabunt.
699 3771 769 3836 Nec
789 3789 862 3836 raro
876 3807 920 3818 -
933 3769 967 3835 id
982 3770 1068 3853 qnod
1083 3777 1116 3836 ot
1129 3771 1163 3834 in
1178 3769 1226 3835 eis
1242 3769 1297 3853 qui
1313 3778 1388 3836 ante
1403 3791 1454 3841 mc
1469 3771 1582 3837 librum
1598 3769 1763 3840 Veronen-

313 3909 379 3956 scm
403 3899 612 3958 excusserunt
626 3889 838 3958 animaduerti
859 3895 891 3957 et
905 3890 939 3954 in
954 3910 1006 3958 me
1021 3891 1092 3976 ipso
1109 3890 1298 3975 saepissime
1312 3897 1462 3975 expertus
1483 3910 1557 3956 sum
1571 3929 1614 3940 --
1629 3892 1762 3960 lallaces

312 4011 444 4078 umbrae
459 4011 562 4078 forma
583 4011 760 4078 litterarum
775 4009 917 4092 indutae,
943 4031 1027 4094 qnae
1049 4011 1197 4096 uestigiis
1212 4012 1430 4077 membranam
1452 4011 1655 4096 impressisse
1670 4011 1763 4078 nide-

312 4132 439 4214 bantur,
466 4133 635 4216 quominus
658 4131 800 4217 genuina
821 4131 917 4198 lectio
940 4130 1160 4217 dispiceretur,
1191 4131 1417 4217 impediebant.
1465 4131 1558 4198 Adde
1580 4133 1665 4216 quod
1687 4152 1761 4218 por·

205 4331 210 4344 ¹
312 4259 401 4318 tenta
422 4251 623 4320 librariorum
652 4252 745 4318 modo
773 4251 999 4318 somniantium
1023 4251 1116 4318 modo
1144 4251 1237 4334 qnasi
1264 4251 1490 4318 insanientium
1512 4252 1644 4335 uinique
1665 4252 1757 4335 adeo,

312 4379 348 4438 ut
370 4372 513 4453 uidetur,
548 4371 713 4458 cupiditati
741 4373 979 4440 inseruientium
1010 4391 1108 4458 saepe
1130 4371 1173 4438 ad
1199 4371 1315 4438 falsam
1337 4371 1536 4438 coniectandi
1558 4373 1644 4438 uiam
1666 4372 1761 4457 pelli-

313 4493 410 4574 ciunt,
437 4501 472 4560 ut
493 4491 578 4578 quod
601 4493 701 4559 oculis
722 4493 848 4571 uideas,
872 4493 946 4560 ideo
968 4502 1000 4560 tc
1022 4513 1086 4560 non
1108 4492 1217 4560 nidere
1240 4490 1297 4558 tibi
1319 4491 1532 4577 persuadeas,
1557 4493 1634 4575 quia
1655 4492 1762 4558 animo

311 4613 346 4682 id
377 4634 506 4680 camere
535 4613 635 4697 nolis,
668 4621 703 4680 ut
731 4633 810 4680 sane
839 4613 970 4681 difficile
999 4614 1041 4680 sit
1070 4614 1103 4678 in
1138 4613 1217 4680 locis
1246 4612 1424 4697 desperatis
1453 4613 1547 4678 finem
1577 4611 1760 4680 conserendi

313 4734 430 4802 iacere.

399 4855 447 4920 Ea
469 4875 552 4938 qnae
573 4855 757 4940 expiscatus
780 4873 851 4920 sum
873 4853 1105 4920 iurisconsulti·
1135 4852 1266 4920 minoris
1296 4872 1392 4935 quam
1414 4852 1588 4938 philologis
1608 4852 1759 4920 momenti

313 4994 385 5041 esso
406 4975 613 5054 uidebuntur;
647 4995 722 5041 nam
750 4995 821 5040 cum
848 4974 881 5039 iu
910 4974 991 5040 libro
1020 4980 1132 5060 quarto
1160 4973 1393 5041 institutionum
1416 4973 1609 5040 Gaianarum
1631 4981 1761 5059 propter

314 5096 568 5162 membranarum
587 5095 703 5162 ‘tabem
727 5115 790 5160 non
812 5095 914 5161 multa
941 5093 989 5160 eis
1011 5113 1093 5177 quae
1116 5093 1237 5160 dudum
1258 5093 1463 5161 innotuerunt
1488 5093 1565 5160 addi
1586 5094 1756 5178 potuerint,

314 5215 447 5282 oratio
476 5215 601 5282 Gaiana
630 5215 694 5280 iam
723 5222 800 5300 apta
827 5224 860 5281 et
888 5215 1042 5281 concinna
1070 5213 1195 5279 reddita
1220 5222 1280 5280 est.
1327 5212 1418 5292 Quae
1441 5234 1512 5280 cnm
1534 5214 1567 5280 in
1590 5214 1637 5281 eis
1666 5213 1757 5298 locis,

313 5337 368 5420 qui
391 5337 466 5403 olim
491 5345 574 5403 recte
597 5336 672 5402 lecti
695 5343 796 5416 erant,
822 5355 1013 5419 quamquam
1036 5335 1165 5419 plenam
1187 5333 1376 5402 urbanitatis
1392 5341 1591 5402 uenustatem
1608 5335 1762 5402 adsecuta
