4912 6506
1293 509 1365 552 ψ’
1397 517 1458 563 xru
1512 534 1562 544 -

699 796 860 862 fallacium
883 797 1079 876 umbrarum,
1112 817 1194 880 qnae
1216 819 1255 863 ex
1278 798 1404 882 paginis
1425 799 1546 862 auersis
1570 798 1815 879 interlucebant‚
1842 818 1880 862 ea
1897 798 2010 880 legisse
2026 817 2061 863 ee
2076 817 2146 862 cre-

698 917 787 982 deret
816 935 897 999 quae
926 917 1031 1000 legere
1058 918 1214 1002 cupiebat.
1262 917 1345 995 Quid
1368 925 1473 982 autem
1498 917 1538 983 de
1561 919 1674 983 ceteris
1697 917 1882 1002 singillatim
1906 918 2031 983 dicam?
2074 918 2144 982 Vno

696 1057 798 1120 eoque
828 1019 990 1102 luculente
1018 1045 1050 1103 et
1079 1039 1217 1104 maximo
1247 1040 1391 1122 exemplo
1421 1039 1559 1122 paginae
1589 1043 1607 1101 5
1638 1045 1737 1104 testor
1764 1038 1885 1121 aliquid
1914 1038 2045 1103 humani
2074 1039 2143 1103 uiro

698 1157 881 1223 doctissimo
903 1157 1093 1239 aliquotiens
1116 1159 1272 1224 accidisse
1294 1160 1326 1223 in
1349 1158 1535 1242 fragmentis
1558 1159 1730 1224 litterarum
1758 1159 1865 1243 pronis
1887 1166 1919 1224 et
1940 1158 2063 1243 supinis
2085 1158 2143 1224 de·

699 1278 886 1343 scribendis.
1159 1347 1161 1352 ,

749 1381 751 1386 ’
785 1397 1009 1481 Quaecumque
1038 1417 1080 1464 ex
1109 1399 1236 1464 schedis
1258 1399 1434 1466 Goeseheni
1464 1409 1496 1465 et
1517 1398 1658 1463 Bluhmii
1687 1398 1729 1464 ad
1756 1401 1851 1466 crisin
1875 1400 2031 1465 Gaianam
2060 1407 2143 1464 reete

700 1519 924 1584 instituendam
953 1519 1052 1602 promi
1075 1527 1107 1583 et
1129 1521 1215 1604 typis
1238 1519 1373 1585 describi
1396 1526 1558 1603 poterant,
1591 1519 1721 1597 editioni
1751 1541 1781 1584 a.
1811 1523 1890 1584 1842
1920 1527 2048 1585 curatae
2070 1519 2142 1584 dili-

698 1648 810 1724 genter
832 1640 965 1704 subieeit
987 1639 1426 1706 Carolusbacumann.

785 1761 867 1834 lirun
905 1759 1036 1852 »codicis
1067 1759 1258 1825 Veronensis
1288 1761 1505 1845 apographum
1539 1761 1582 1826 ad
1611 1761 1788 1827 Goeseheni
1816 1760 1975 1845 Hollwegi
2006 1759 2144 1827 Bluhmii

699 1879 834 1946 schedas
872 1880 1069 1963 conpositum
1107 1880 1232 1964 scripsit
1276 1880 1498 1964 lapidibusque
1534 1889 1700 1965 exceptam
1739 1882 1925 1966 scripturam
1971 1881 2145 1966 publicauit

699 1999 916 2092 Eduardus
945 2000 1151 2082 Bbcking«
1184 2000 1321 2085 (Lipsiae
1350 2000 1435 2084 apud
1459 2001 1659 2068 Salomonem
1682 2001 1844 2067 Hirzelum
1865 2022 1896 2066 a.
1926 2005 2033 2082 1866).
2081 2001 2142 2079 Qui

699 2141 770 2186 eum
793 2120 977 2186 constantia·
993 2119 1184 2184 adsiduitate
1212 2121 1451 2203 perseuerantia
1480 2122 1522 2186 ad
1544 2107 1728 2187 memoriam
1749 2122 1943 2207 posteritatis
1965 2121 2142 2204 insignibus

699 2227 874 2306 institutam
897 2240 1050 2305 rationem
1073 2242 1239 2324 amplexus
1262 2261 1301 2306 ac
1323 2248 1508 2324 persecutns
1530 2249 1627 2321 esset,
1652 2250 1769 2308 uteret
1790 2243 1823 2307 in
1838 2243 1971 2308 artificio
1987 2242 2143 2308 scribendi

700 2360 997 2454 exercitatissimus,
1036 2359 1063 2454 si
1096 2381 1159 2426 uon
1193 2360 1364 2444 imaginem
1397 2369 1504 2428 tamen
1538 2363 1742 2428 simulacrum
1772 2362 1844 2427 libri
1866 2363 2058 2428 Veronensis
2088 2363 2144 2428 diu
2171 2400 2176 2408 ·

700 2482 897 2566 impigreque
928 2481 1137 2565 scriptitando
1168 2480 1289 2561 effecit,
1329 2502 1392 2564 quo
1418 2482 1511 2565 quasi
1541 2490 1662 2548 rectore
1693 2491 1724 2548 et
1751 2483 1950 2548 moderatore
1980 2489 2145 2547 uterentur

699 2601 867 2696 uirisdocti
890 2601 923 2665 in
946 2601 1020 2666 crisi
1043 2601 1170 2666 Gaiana
1192 2601 1414 2685 periclitanda.
1454 2604 1559 2685 Atque
1582 2603 1678 2668 unica
1700 2603 1757 2668 illa
1780 2603 1966 2686 diligentia,
1990 2623 2087 2685 qnam
2110 2602 2143 2668 iu

698 2721 804 2786 dubiis
834 2721 1010 2786 litterarum
1041 2721 1143 2786 hastis
1166 2729 1199 2786 et
1220 2722 1364 2805 apicibus
1387 2722 1551 2788 imitandis
1574 2722 1613 2788 de
1637 2722 1794 2788 industria
1817 2725 2023 2807 sequebatur,
2052 2730 2145 2806 grata

698 2842 790 2907 nobis
806 2835 1001 2925 acceptaque
1024 2841 1084 2905 luit
1106 2849 1139 2906 et
1159 2842 1243 2906 bene
1259 2843 1414 2926 opitulata
1429 2843 1527 2908 estin
1543 2843 1651 2909 codice
1668 2843 1772 2909 denuo
1788 2845 1990 2909 conterendo.
2027 2845 2143 2910 Postea

697 2961 772 3032 dum
795 2961 886 3045 ipsae
909 2961 1110 3058 triumuirum
1133 2961 1270 3026 schedas
1293 2962 1442 3028 Beroliuo
1470 2963 1512 3028 ad
1540 2983 1590 3028 me
1613 2963 1738 3029 delatas
1762 2963 1868 3028 denuo
1890 2971 1972 3030 totas
1996 2973 2145 3030 excutere

632 3093 634 3098 ’
698 3081 776 3167 mihi
809 3080 898 3162 lieet,
942 3081 1097 3160 leuiculos
1131 3081 1285 3164 quosdam
1321 3100 1459 3160 errores,
1503 3103 1582 3166 qnos
1619 3083 1652 3149 iu
1689 3083 1910 3149 describendis
1945 3084 2072 3150 schedis
2106 3105 2147 3150 ne

699 3201 888 3285 Boeekingii
918 3202 1047 3286 quidem
1077 3201 1246 3298 diligentia
1276 3202 1448 3286 effugerat,
1480 3203 1595 3268 tacitus
1626 3204 1760 3270 correxi
1813 3205 1926 3289 Neque
1953 3205 2038 3270 enim
2068 3225 2145 3271 eou-

697 3323 825 3388 firmare
847 3323 1044 3404 argumentis
1068 3322 1153 3388 uolui
1184 3342 1223 3387 ea
1251 3342 1333 3405 qnae
1356 3324 1389 3388 in
1412 3323 1521 3390 codiee
1544 3324 1666 3408 primns
1688 3323 1753 3408 legi
1776 3343 1881 3406 neque
1903 3325 2071 3392 contraria.
2092 3346 2145 3390 re-

699 3443 819 3518 futare;
861 3443 1051 3508 breuitatem
1093 3463 1152 3526 ego
1189 3443 1429 3510 custodiendam
1462 3463 1545 3510 esse
1570 3443 1698 3528 putaui,
1731 3464 1805 3510 cum
1833 3464 1933 3511 cansa
1963 3445 2145 3530 permittere

644 3549 648 3560 ’
701 3563 874 3629 uideretur.
1668 3651 1670 3656 ι

788 3681 918 3748 Interim
956 3682 1097 3748 codicem
1135 3684 1168 3748 in
1206 3684 1284 3749 locis
1321 3683 1427 3750 dubiis
1464 3693 1536 3770 post
1571 3673 1753 3750 Bluhminm
1787 3685 1892 3751 denuo
1925 3686 2140 3770 inspexerat²l

700 3802 905 3887 Iosephus
934 3803 1142 3870 Tedeschi
1171 3804 1416 3870 iurisconsultus
1438 3804 1632 3870 Veronensis
1662 3805 1704 3871 ad
1732 3826 1848 3871 nouam
1871 3805 1945 3871 Gaii
1973 3806 2144 3873 editionem
2198 3862 2200 3868 .

703 3922 938 4005 edomandam,
978 3942 1061 4005 qnae
1088 3945 1160 3989 cum
1189 3923 1336 3990 uersione
1363 3925 1476 3990 Italica
1502 3945 1532 3989 a.
1563 3925 1790 3992 1857duobus
1818 3927 2032 3992 uoluminibus
2061 3947 2147 3993 com·

702 4042 861 4128 prehensa
890 4043 1007 4128 prodiit
1024 4043 1172 4110 Veronae
1197 4065 1241 4124 ¹eu
1264 4043 1398 4110 aedibus
1420 4045 1599 4120 Mineruae;
1624 4066 1718 4129 quam
1741 4066 1849 4112 crassa
1872 4053 1977 4112 autem
2001 4047 2145 4112 Minerua

673 4163 761 4228 ‘hoc
789 4162 967 4228 tirocinium
995 4163 1297 4250 palaeograpbieum
1328 4165 1378 4230 uir
1406 4165 1518 4231 doctus
1548 4165 1753 4258 sustinuerit,
1783 4187 1824 4232 ex
1853 4165 2063 4251 paucissimis
2082 4165 2145 4231 illis

646 4312 648 4318 ¹
702 4283 892 4348 lectionibus
914 4291 1063 4368 apparet,
1098 4305 1179 4366 quas
1201 4285 1235 4350 in
1257 4285 1514 4352 adnotationibus
1536 4287 1680 4372 protulit;
1715 4307 1817 4370 neque
1840 4287 1938 4370 igitur
1959 4285 2145 4370 discrepan-

645 4441 648 4446 ·
703 4403 781 4469 tium
803 4402 971 4468 lectionum
994 4395 1166 4470 Tedesehii
1188 4404 1254 4470 ulla
1276 4405 1356 4470 ratio
1378 4405 1525 4472 habenda
1546 4403 1642 4488 esti).
1939 4390 1942 4400 ⁴

789 4522 902 4605 Neque
926 4524 1041 4608 exigua
1062 4544 1138 4609 pars
1161 4523 1305 4592 foliorum
1328 4525 1422 4592 modo
1443 4526 1630 4592 flexibilium
1652 4533 1683 4591 et
1702 4533 1882 4602 tenerorum
1905 4527 1999 4592 modo
2021 4525 2147 4592 mollio-

668 4872 671 4880 Ι
772 4820 791 4874 ⁸}
815 4813 891 4868 Conl.
914 4815 1089 4870 Instituaioni
1106 4815 1135 4869 di
1153 4791 1239 4886 Gajus
1258 4818 1435 4892 commenturj
1456 4827 1564 4886 quattro
1583 4826 1633 4871 ete.
1654 4817 1697 4871 ed.
1718 4816 1849 4872 Tedesehi
1868 4817 1952 4870 ucll
1973 4834 2035 4888 pag.
2057 4817 2143 4872 XXV:

704 4899 901 4966 »Ricorremmo
920 4893 1044 4956 ezidndio
1067 4902 1111 4971 pei
1135 4901 1230 4971 luoghi
1248 4901 1333 4974 dubbj
1354 4902 1396 4956 ull'
1416 4903 1552 4974 inperione
1573 4903 1618 4958 del
1637 4902 1738 4958 Codice
1757 4901 1926 4972 Capitolere,
1954 4903 2055 4957 berche
2074 4903 2147 4974 dopo

704 4984 741 5054 gli
760 4984 832 5055 studj
852 4985 880 5040 di
898 4983 966 5040 tenti
986 4988 1089 5041 nomini
1107 4987 1207 5056 insigni
1225 4987 1274 5042 che
1293 4988 1319 5042 ei
1336 4989 1531 5064 precedettero‚
1552 5007 1567 5043 e
1586 4988 1659 5042 uello
1677 4997 1748 5042 stato
1767 4986 1935 5059 deplorabile
1953 4987 1983 5041 iu
1995 4989 2040 5042 cui
2052 4999 2148 5058 questo

705 5092 752 5130 ora
775 5075 797 5128 ri
821 5087 911 5140 treva,
939 5073 1053 5128 sarebbe
1078 5081 1148 5126 stata
1170 5072 1198 5126 in
1221 5075 1268 5128 noi
1286 5073 1412 5130 temerith
1429 5091 1583 5145 presumere
1601 5075 1629 5129 di
1647 5073 1813 5145 egginugere
1831 5091 1899 5143 gran
1922 5074 1991 5129 fatto
2010 5073 2035 5128 ai
2053 5075 2147 5138 lavori,

705 5161 754 5216 che
773 5161 952 5230 meravigliuti
970 5159 1110 5214 vedommu
1128 5177 1180 5213 con
1199 5159 1305 5214 indulta
1323 5157 1457 5229 diligente
1475 5160 1621 5215 condottiu
1968 5178 1969 5187 ¹

773 5265 792 5326 l²)
815 5263 893 5318 (lons.
914 5281 983 5333 quae
1002 5262 1061 5344 dixi
1078 5262 1105 5315 in
1124 5262 1202 5316 Actis
1219 5262 1352 5333 philolog.
1372 5262 1543 5333 Wireeburg.
1580 5265 1644 5316 tues
1662 5279 1726 5334 pag.
1745 5265 1791 5316 122
1810 5281 1848 5334 sq.
1968 5257 1972 5265 ’
