4912 6506
352 887 666 974 comprehenderem,
688 898 721 956 et
741 890 830 954 illum
853 889 981 955 modum
1003 890 1211 974 perlongum
1234 897 1361 975 tempus
1381 889 1529 976 praetuli,
1556 889 1686 960 taudem
1707 889 1741 955 iu
1763 909 1802 957 eo

353 1007 437 1092 quod
460 1008 528 1075 iere
556 1009 764 1094 probaueram
787 1010 920 1077 consilio
947 1029 1135 1094 permanere
1163 1031 1226 1076 non
1248 1007 1349 1096 potui.
1395 1010 1508 1094 Itaque
1531 1009 1802 1076 admonitionibus

353 1130 545 1212 amicorum,
578 1129 764 1213 quibuscum
793 1149 897 1216 pauca
925 1151 1007 1214 quac
1037 1131 1220 1198 inuenerem
1251 1150 1309 1216 per
1330 1150 1492 1197 sermones
1515 1131 1569 1197 nel
1591 1151 1649 1217 per
1677 1131 1801 1197 litteras

353 1250 674 1332 communicandam,
701 1251 870 1317 obsecutus
892 1270 979 1316 sum:
1006 1250 1038 1316 hi
1061 1250 1146 1318 enim
1169 1252 1323 1338 postulari
1346 1272 1367 1316 a
1389 1271 1439 1318 me
1462 1251 1515 1317 uel
1537 1251 1642 1340 potius
1664 1250 1801 1336 flagitari

352 1389 470 1436 nouum
493 1370 712 1455 apographum
743 1371 994 1438 aclseuerahant:
1026 1371 1212 1458 apographo
1241 1379 1348 1438 antem
1376 1393 1439 1438 non
1469 1372 1698 1458 supplementis
1727 1371 1801 1438 ideo
1851 1431 1854 1440 .

352 1509 432 1574 opus
455 1511 539 1570 esse,
565 1511 606 1560 ne
629 1511 710 1574 quae
731 1490 802 1576 ipse
823 1491 982 1558 laboriose
1005 1492 1188 1578 expiscatus
1204 1512 1322 1568 essem,
1347 1513 1367 1558 a
1389 1492 1568 1576 legentibus
1591 1513 1663 1558 cum
1685 1491 1801 1558 sudore

352 1611 584 1696 acciperentur.
635 1608 758 1687 Quibus
786 1610 1056 1677 admonitionibus
1085 1611 1112 1676 si
1142 1633 1205 1678 non
1235 1619 1269 1678 ut
1298 1613 1370 1698 plus
1400 1612 1522 1678 uiribus
1544 1613 1687 1678 ualerem
1716 1620 1801 1678 certe

352 1737 386 1794 ut
409 1731 514 1797 miuus
537 1731 681 1797 timerem
704 1731 851 1798 effectum
874 1739 933 1796 est.
974 1733 1042 1798 Iam
1066 1753 1107 1799 err
1129 1733 1243 1798 itinere
1260 1733 1372 1800 Italico
1400 1731 1510 1800 reduci
1539 1732 1624 1798 sacto
1651 1733 1799 1818 prinecps

352 1857 384 1916 et
406 1859 516 1917 auctor
545 1851 622 1917 mihi
652 1858 721 1918 erat
748 1851 839 1937 regia
860 1851 1025 1918 academia
1046 1853 1218 1918 Berussica
1239 1853 1282 1920 an
1310 1873 1427 1918 nouum
1450 1853 1670 1939 apographum
1692 1853 1800 1919 diuul-

349 1971 508 2055 gandum,
544 1993 626 2056 quae
655 1980 687 2038 et
714 1972 787 2057 ipsa
816 1972 956 2038 adiutrix
985 1970 1062 2037 mihi
1088 1973 1196 2038 extitit
1216 1973 1259 2038 ad
1281 1973 1514 2060 propulsandas
1537 1973 1565 2038 si
1588 1993 1669 2056 qnae
1691 1979 1800 2039 essent

351 2091 568 2158 difficultates.
616 2091 708 2171 Quod
738 2113 852 2158 munus
882 2113 953 2158 cum
980 2091 1054 2158 ideo
1084 2092 1161 2158 mihi
1189 2093 1372 2178 impositum
1395 2113 1466 2160 csse
1488 2093 1729 2179 cognouissem,
1760 2112 1800 2158 ne

351 2212 446 2279 etiarn
469 2221 566 2296 atque
589 2213 686 2279 etiam
709 2212 814 2280 dubiis
837 2212 1024 2278 coniecturis
1046 2212 1266 2278 immutaretur
1288 2221 1455 2280 contextus
1478 2213 1638 2292 Gaianas,
1668 2212 1799 2298 promisi

350 2333 383 2397 in
406 2353 519 2416 meque
542 2333 647 2417 recepi
666 2352 763 2419 qnam
793 2331 983 2401 breuissime
1012 2339 1154 2418 tempore
1177 2331 1293 2398 Gaium
1317 2334 1437 2401 editum
1460 2334 1510 2399 iri.
1558 2335 1627 2400 Nec
1657 2332 1799 2418 profecto

351 2459 417 2520 tam
439 2453 551 2518 odiosa
572 2452 855 2538 procrastinatione
875 2451 1069 2519 distulissem
1091 2452 1174 2519 hunc
1197 2453 1348 2534 lahorem,
1374 2453 1402 2519 si
1425 2453 1502 2519 mihi
1526 2455 1624 2520 ullum
1648 2453 1800 2519 tributum

350 2581 437 2639 esset
458 2593 597 2639 uacuum
620 2581 745 2658 tempus
768 2581 800 2640 et
821 2573 967 2640 liberum.

438 2693 582 2760 Gratiam
605 2701 733 2790 autem,¹
748 2701 901 2777 quantam
922 2694 1093 2760 maximam
1116 2694 1243 2760 animus
1266 2713 1381 2778 capere
1406 2699 1526 2778 potest,
1560 2693 1662 2760 debeo
1690 2694 1799 2778 regiae

350 2815 536 2885 academiae
563 2814 770 2895 Bornssicae‚
810 2814 900 2880 cuius
927 2814 1016 2881 iussu
1052 2815 1084 2880 in
1120 2814 1230 2880 inclita
1258 2814 1493 2882 Haerteliorum
1526 2813 1797 2900 typographorum

350 2935 567 3019 Lipsiensium
580 2901 726 3000 ‘officina
755 2934 798 2999 ad
828 2936 1010 3020 exemplum
1038 2935 1193 3019 singulari
1225 2933 1438 3020 photographi
1467 2933 1600 3000 artificio
1632 2942 1799 3020 exceptum

350 3057 425 3121 noui
453 3056 523 3140 typi
552 3055 688 3121 confecti
718 3063 803 3122 sunt.
843 3055 1062 3134 Quibuscum
1089 3054 1197 3122 media
1226 3055 1382 3139 quaedam
1411 3056 1493 3121 iuter
1519 3062 1699 3139 utramque.
1717 3074 1799 3138 quae

349 3177 383 3242 in
418 3175 529 3242 codice
564 3174 813 3260 deprehenditur
847 3185 1003 3256 manum·)
1043 3175 1147 3242 forma
1182 3175 1391 3261 exprimenda
1425 3184 1526 3252 esset,
1564 3173 1631 3242 iere
1659 3152 1800 3258 cogitata
1851 3165 1856 3176 '

350 3296 473 3382 species
495 3303 527 3362 et
549 3301 711 3378 tamquam
734 3295 910 3362 hacmhilis
932 3295 1039 3382 imago
1061 3297 1130 3363 eius
1153 3296 1330 3381 scripturae
1352 3295 1466 3362 effecta
1487 3303 1552 3376 est,
1579 3315 1642 3379 qua
1668 3296 1798 3362 saeculo

349 3439 383 3502 p.
409 3417 484 3484 Chr.
510 3437 542 3482 n.
568 3416 678 3500 quinto
701 3415 812 3501 optimi
835 3415 1027 3502 calligraphi
1049 3415 1201 3483 uidentur
1222 3417 1273 3482 usi
1296 3435 1380 3483 esse.
1420 3416 1533 3484 Moneo
1548 3416 1644 3500 igitur
1659 3404 1794 3498 litteras,

350 3537 465 3621 quihus
498 3535 558 3602 hoc
587 3536 808 3622 apographum
842 3557 1028 3622 expressum
1059 3537 1117 3619 sit,
1156 3537 1253 3625 paulo
1282 3536 1492 3620 elegantiores
1521 3544 1554 3602 et
1583 3537 1798 3602 constantiore

349 3657 451 3724 forma
472 3657 618 3742 insignes
640 3677 712 3724 esse
734 3677 830 3740 qnam
853 3677 908 3724 eas
930 3657 1046 3741 quibus
1068 3657 1195 3742 inipso
1218 3657 1326 3725 codiee
1348 3655 1473 3724 Gaiano
1496 3656 1545 3722 usi
1569 3657 1633 3722 siut
1654 3655 1806 3722 librariiz·

348 3778 409 3844 has
425 3777 509 3844 enim
529 3775 623 3842 modo
638 3777 804 3862 paululum
820 3776 963 3844 declines
986 3797 1059 3844 esse
1074 3777 1167 3844 modo
1182 3778 1320 3844 acclines
1343 3785 1375 3844 et
1397 3797 1481 3862 qnae
1502 3777 1589 3863 typis
1610 3776 1799 3843 fidelissime

349 3897 493 3964 redditae
515 3897 702 3984 adspectum
726 3897 900 3966 deformem
923 3897 1091 3964 habiturae
1113 3898 1189 3964 sint.
1229 3897 1362 3965 Accedit
1384 3897 1469 3983 quod
1488 3897 1524 3962 in
1546 3897 1698 3964 extremis
1724 3915 1798 3964 uer-

350 4019 438 4086 sibus
472 4018 649 4085 litterarum
686 4016 819 4086 sormam
856 4017 975 4084 sensim
1006 4018 1192 4085 minuebant
1220 4017 1358 4098 librarii3
1392 4017 1477 4102 quod
1505 4037 1575 4084 eum
1605 4015 1797 4104 typographi
1834 4101 1838 4106 Ι
1956 4091 1960 4100 ,

351 4146 500 4206 accurate
523 4137 640 4204 imitari
667 4157 731 4204 non
760 4138 935 4224 potuerint,
967 4138 1010 4204 ad
1036 4137 1198 4224 perlectae
1226 4138 1414 4206 imitationis
1442 4138 1570 4204 laudem
1598 4139 1796 4222 aliquantum

349 4261 463 4327 deesse
491 4258 639 4326 concedo.
679 4259 730 4324 An
759 4259 927 4343 quisquam
959 4279 1057 4326 sanus
1091 4279 1130 4325 ea
1159 4265 1228 4358 arte
1261 4277 1391 4356 prorsus
1420 4257 1557 4325 fideliter
1587 4258 1797 4345 multiplicem

349 4381 612 4447 lineamentorum
648 4385 680 4445 et
709 4385 854 4444 notarum
884 4380 980 4460 (uelut
1010 4383 1040 4460 1,
1072 4383 1110 4460 γ,
1144 4381 1170 4460 9
1204 4381 1278 4464 etc.)
1311 4379 1498 4446 uarietatem
1534 4378 1671 4464 exprimi
1701 4397 1797 4464 posse

349 4500 482 4568 eredat?
525 4501 609 4566 Raro
636 4497 750 4566 litteris
781 4499 815 4564 in
843 4499 1007 4585 plumbum
1034 4499 1145 4566 incisis
1175 4499 1362 4584 corrigentis
1392 4519 1505 4566 manns
1533 4498 1706 4584 imaginem
1739 4518 1797 4565 ex-

349 4641 494 4708 pressam
518 4620 571 4688 uel
593 4620 709 4686 saltem
732 4619 953 4686 adumbratam
976 4619 1076 4686 oculis
1099 4620 1272 4704 legentium
1295 4620 1416 4686 subieci
1446 4619 1545 4702 (uelut
1566 4639 1642 4706 pag.
1669 4621 1699 4700 2,
1726 4605 1792 4704 23),

350 4749 490 4808 attamen
512 4741 662 4808 ductuum
686 4740 864 4824 aequalitas
887 4739 1014 4824 dilapsa
1036 4739 1129 4822 quasi
1151 4740 1278 4822 counit,
1304 4747 1340 4806 ut
1361 4739 1497 4807 claudae
1520 4740 1627 4825 potius
1647 4739 1797 4823 gibbero-

350 4882 470 4945 saeque
499 4883 595 4947 quam
626 4862 780 4944 aequales
816 4879 887 4926 esse
916 4859 1043 4927 litterae
1072 4860 1256 4927 uiderentur
1292 4860 1390 4938 (uelut
1419 4862 1451 4938 3,
1487 4863 1551 4940 lss];
1584 4859 1692 4944 itaque
1718 4859 1796 4925 alibi

351 4982 485 5048 Gaiauis
509 4982 596 5068 typis
619 4981 840 5048 minutioribus
863 5001 939 5047 usus
963 5000 1034 5046 sum
1056 4980 1099 5046 ad
1122 4980 1305 5047 correctoris
1328 4979 1480 5062 reliquias
1503 4979 1695 5046 reddendas.

437 5103 608 5168 Foramina
630 5101 690 5168 hoc
712 5101 804 5186 signo
827 5108 878 5160 llll
900 5099 1068 5186 descripsi.
1108 5101 1169 5167 Pro
1191 5100 1238 5166 eis
1262 5099 1387 5184 litteris,
1414 5119 1548 5183 quarum
1577 5100 1671 5168 lectio
1700 5099 1796 5168 nimis

420 5363 440 5425 ¹)
463 5361 488 5414 A
510 5359 616 5414 duobus
634 5359 707 5416 enirn
728 5357 847 5412 librariis
866 5357 986 5412 codicem
1006 5355 1141 5412 Guisnum
1162 5357 1292 5429 scriptum
1311 5357 1399 5412 uideri
1417 5357 1475 5414 dixi
1492 5375 1555 5430 pag.
1576 5359 1633 5412 253.
