4956 6484
648 1631 952 1763 INDEX
988 1629 1463 1762 NOTARVM.

979 1923 1130 1934 —..—

420 2090 570 2200 Iudicem
594 2141 750 2210 notatum,
774 2152 854 2216 quae
878 2133 909 2198 in
933 2133 1004 2198 Gaii
1026 2134 1257 2200 institutionum
1280 2135 1359 2200 libro
1375 2135 1547 2201 Veronensi
1569 2134 1775 2220 reperiuntur,

335 2275 458 2321 samma
479 2253 644 2338 diligentia
666 2251 841 2318 conlectum
861 2255 886 2318 l.
905 2254 943 2318 F.
960 2255 997 2318 L.
1017 2253 1180 2320 Goeseben
1203 2255 1332 2320 editioni
1355 2275 1375 2320 a
1397 2275 1432 2321 se
1453 2262 1579 2320 curatae
1600 2256 1774 2336 adiecerat;

335 2396 405 2440 cum
435 2383 541 2440 tamen
574 2373 764 2439 membranis
793 2373 897 2440 denno
925 2395 946 2439 a
974 2394 1025 2440 me
1052 2374 1175 2440 collatis
1198 2375 1374 2440 Goesebeni
1396 2375 1492 2442 index
1514 2377 1676 2460 permultis
1699 2377 1777 2442 loeis

335 2495 539 2579 corrigendus
565 2501 667 2574 esset,
700 2495 769 2580 ipse
796 2493 925 2580 prorsus
954 2515 1070 2560 nouum
1093 2495 1230 2560 omnium
1255 2495 1427 2580 scripturae
1449 2497 1702 2580 compendiorum
1726 2498 1776 2562 in-

334 2617 437 2683 dicem
467 2615 512 2680 ita
539 2614 717 2700 composui,
748 2621 782 2680 ut
809 2615 922 2680 tacitns
952 2615 1154 2698 corrigerem,
1186 2615 1285 2680 sicubi
1314 2635 1334 2680 a
1364 2615 1602 2682 Goesebeniano
1632 2619 1777 2703 exemplo

335 2737 544 2804 recedendum
569 2735 637 2801 luit.
685 2735 754 2812 Quo
776 2735 809 2800 in
831 2735 1047 2820 componendo
1069 2755 1131 2800 non
1161 2755 1211 2800 me
1239 2735 1379 2820 paenitet
1406 2736 1490 2819 quod
1519 2736 1613 2802 etiam
1644 2739 1776 2823 pusillas

336 2859 508 2942 scripturae
530 2857 680 2921 minutias
702 2855 838 2921 attendi:
868 2855 979 2920 barum
1001 2855 1085 2921 enirn
1108 2875 1167 2940 ope
1190 2855 1307 2920 laetum
1329 2863 1389 2934 est,
1415 2863 1449 2928 ut
1469 2858 1510 2922 ab
1532 2859 1630 2924 altero
1652 2858 1777 2924 librario

336 2979 432 3044 libros
454 2977 590 3061 primum
613 2975 785 3042 secundnm
808 2975 951 3053 tertium,
975 2975 1016 3040 ab
1037 2976 1136 3040 altero
1158 2981 1303 3059 quartum
1327 2976 1476 3060 scriptum
1498 2997 1569 3044 esse
1591 2987 1775 3064 apparerem

336 3098 376 3164 de
403 3117 467 3182 qua
488 3117 522 3163 re
545 3096 652 3162 conler
680 3117 761 3178 quae
790 3096 933 3212 inprimis
962 3095 1004 3160 ad
1031 3099 1141 3212 lot:
1164 3119 1253 3172 uum,
1288 3100 1393 3181 9,-
1353 3143 1393 3151 -
1416 3121 1526 3182 quom,
1564 3103 1667 3182 qt:
1688 3097 1775 3182 quia,

339 3223 436 3304 9⁶²
451 3219 543 3302 qood,
569 3237 625 3282 uec
647 3237 710 3281 non
733 3216 774 3280 ad
793 3222 892 3281 N:
914 3237 999 3281 rrum
1026 3221 1119 3304 q:-
1111 3237 1252 3300 q,aom
1285 3213 1363 3304 qk·
1388 3249 1429 3274 =
1451 3217 1537 3302 quic,
1564 3224 1660 3304 9:
1682 3221 1776 3302 quod,

339 3345 431 3402 cul·
454 3369 496 3392 =
519 3339 616 3414 crrr',us
646 3317 800 3400 but·.-
772 3337 920 3413 -Ιιιιιιιι,
947 3319 1091 3425 qss·=
1113 3337 1236 3420 qulbus,
1261 3340 1349 3399 8:
1364 3339 1422 3401 sed
1441 3338 1602 3404 aduolaui.
1643 3339 1753 3404 Cum
1745 3359 1777 3404 ιιι
1892 3345 1898 3358 '

337 3458 527 3524 membranis
550 3460 711 3542 rescriptis
733 3465 876 3522 notarum
899 3459 1071 3541 particulae
1093 3458 1213 3542 passim
1229 3457 1467 3542 Hieronymiani
1489 3467 1653 3525 contextus
1675 3459 1778 3524 ducti-

337 3581 395 3646 bus
424 3579 565 3645 obteetae
595 3579 709 3662 dispici
739 3601 801 3658 non
831 3579 988 3664 potuerint
1015 3585 1046 3642 et
1075 3579 1242 3662 praecipue
1271 3579 1405 3644 lineolae
1437 3586 1468 3644 et
1496 3587 1631 3664 puncta,
1666 3579 1778 3662 quibus
1881 3609 1887 3622 ·

338 3699 456 3765 notatio
485 3699 657 3782 significari
686 3700 782 3776 solet,
805 3695 940 3784 'saepius
968 3718 1030 3763 non
1058 3698 1277 3783 apparuerint,
1310 3698 1416 3764 multis
1444 3700 1520 3765 loeis
1548 3700 1699 3766 incertum
1730 3707 1779 3766 est

338 3827 441 3886 utrum
464 3818 599 3884 lineolae
622 3825 779 3902 punctaue
794 3819 904 3884 addita
923 3819 1040 3885 fuerint
1061 3839 1169 3884 necne.
1211 3819 1321 3900 Ne'qne
1341 3825 1525 3904 punctomm
1541 3820 1776 3886 collocationem

336 3941 369 4006 in
398 3939 458 4005 boe
482 3939 586 4004 indice
609 3939 802 4004 conficiendo
824 3938 1007 4022 diligentius
1033 3937 1157 4015 ourani,
1190 3938 1306 4022 qnippe
1328 3958 1409 4022 quae
1431 3939 1627 4005 librariorum
1649 3939 1778 4006 arbitrio

339 4059 433 4159 quo
462 4059 505 4124 ad
534 4059 615 4124 imas
639 4059 795 4126 modoad
826 4059 946 4125 medias
968 4059 1124 4124 modoad
1147 4079 1287 4124 summas
1310 4059 1431 4124 litteras
1453 4060 1613 4144 adscripta
1636 4061 1709 4125 sint.
1738 4099 1775 4108 -

338 4182 411 4246 Non
426 4179 531 4265 recepi
552 4179 582 4244 in
607 4177 691 4244 hune
706 4179 842 4245 indicem
857 4179 1043 4264 compendia
1059 4199 1269 4255 numerorum,
1294 4200 1375 4262 quae
1391 4199 1460 4244 enm
1476 4181 1605 4262 uulgato
1620 4181 1776 4246 scribendi

338 4301 431 4365 modo
454 4301 637 4378 concinunt3
661 4296 810 4364 notantur
830 4299 926 4383 igitur
946 4301 1066 4366 numeri
1089 4299 1206 4366 additis
1229 4301 1412 4382 plerumque
1434 4301 1558 4366 lineolis
1580 4306 1684 4384 (supra
1706 4321 1779 4366 uer⁴

338 4424 417 4502 sum)
446 4425 477 4486 et
507 4420 632 4505 punctis
662 4425 741 4504 lpost
769 4423 939 4502 numeros).
993 4419 1111 4484 Addidi
1141 4427 1246 4485 tamen
1275 4419 1341 4484 suis
1368 4420 1445 4485 locis
1473 4421 1639 4505 plerasque
1670 4441 1777 4486 earnm

338 4521 604 4625 corruptelarum,
638 4560 718 4622 quoe
748 4561 846 4625 praue
875 4540 1041 4607 intellectis
1070 4541 1120 4605 nel
1148 4539 1230 4606 inter
1258 4560 1293 4606 se
1324 4541 1508 4625 permutatis
1531 4542 1612 4608 nutis
1635 4548 1724 4607 ortae
1745 4543 1778 4606 in

338 4662 511 4745 scripturae
535 4661 724 4726 Veronensis
747 4667 926 4726 contextum
949 4661 1114 4745 irrepsisse
1136 4661 1293 4726 uidentur.

424 4781 524 4846 Index
549 4789 692 4847 notarum
716 4781 908 4876 Gaianarum
932 4782 1065 4848 maiores
1088 4781 1274 4864 paginarum
1297 4781 1464 4846 laterculos
1486 4787 1632 4866 occupat;
1658 4781 1777 4865 primus

300 4977 307 4990 ⁸
338 4921 486 4968 numerus
509 4901 659 4986 paginam
683 4900 800 4966 codicis
823 4901 999 4998 signifieat,
1016 4907 1181 4984 sequentes
1205 4901 1326 4967 numeri
1349 4921 1457 4968 uersus
1480 4901 1630 4968 indicant.

292 5031 326 5092 F
424 5023 460 5087 In
492 5021 663 5086 minoribus
686 5021 872 5104 paginarum
895 5023 1055 5088 laterculis
1077 5040 1185 5086 omues
1209 5028 1298 5087 notas
1321 4995 1500 5106 composui,
1532 5042 1612 5106 quoe
1635 5022 1667 5090 in
1691 5021 1777 5104 frag-

340 5149 443 5208 mento
465 5143 523 5206 DE
546 5142 645 5206 IVRE
668 5141 781 5206 Flsel
803 5113 1018 5208 Veronensis
1041 5144 1140 5208 Paulo
1161 5141 1305 5226 Krneger
1327 5142 1443 5226 optime
1464 5141 1588 5226 depicto
1614 5143 1777 5228 reperiun-

339 5271 399 5340 tur,
426 5265 458 5326 F
475 5263 579 5328 littera
602 5261 807 5346 significatas.
850 5263 989 5328 Iudicem
1012 5271 1156 5328 notarum
1178 5281 1269 5344 quem
1294 5261 1437 5344 Krueger
1457 5262 1588 5328 editioni
1611 5261 1778 5346 fragmenti
