4912 6506
672 790 822 860 nonest,
856 790 963 846 tamen
993 781 1119 865 prlacido
1149 802 1185 846 ac
1215 802 1312 865 prope
1343 783 1429 848 molli
1459 782 1560 866 gradu
1583 782 1739 865 procedat
1757 781 1932 862 seduloque
1956 780 2054 846 enitet
2078 800 2117 845 ea

670 922 752 986 quae
780 902 914 967 obscura
944 910 999 966 aut
1026 901 1185 967 recondita
1209 910 1241 967 et
1269 923 1289 967 a
1315 902 1542 987 discipulorum
1564 901 1783 984 intellegentia
1806 920 1966 983 sensuque
1989 901 2116 983 longius

673 1022 832 1087 disiuncta
854 1022 1037 1103 uideantur,
1072 1022 1232 1106 philologo
1255 1031 1328 1087 ante
1351 1023 1457 1088 omnia
1478 1021 1512 1086 id
1534 1021 1762 1106 explorandum
1788 1031 1872 1100 erat,
1907 1040 1969 1102 quo
1991 1021 2060 1086 inre
2082 1020 2116 1084 in

672 1141 750 1207 loeis
772 1142 932 1207 lacunosis
948 1141 1085 1206 uirorum
1108 1141 1269 1207 doctorum
1293 1143 1480 1210 coniecturis
1496 1143 1577 1208 Gaio
1600 1141 1693 1208 modo
1716 1141 1866 1208 confusae
1890 1148 1921 1206 et
1944 1141 2115 1224 perplexae

672 1261 765 1328 modo
794 1270 955 1343 tamquam
985 1263 1182 1345 praefractae
1210 1270 1306 1344 atque
1336 1264 1478 1330 elumbes
1505 1264 1671 1328 uerbomm
1701 1269 1878 1328 structurae
1907 1260 2000 1326 modo
2028 1261 2116 1325 inani

671 1385 839 1450 uerborum
867 1382 992 1447 cumulo
1022 1390 1235 1465 exaggeratae
1267 1384 1443 1450 sententiae
1474 1385 1621 1449 obtrusae
1650 1390 1767 1449 esseut.
1824 1381 1894 1459 Qua
1929 1381 2115 1463 quaestione
2164 1423 2167 1430 «

672 1522 736 1585 quo
763 1500 882 1567 diutius
911 1507 1083 1585 occupatus
1110 1522 1214 1586 eram,
1247 1523 1284 1569 eo
1312 1505 1429 1570 certius
1456 1505 1534 1569 mihi
1563 1506 1728 1570 constabat
1756 1503 1926 1568 abhorrere
1955 1522 1974 1565 a
2005 1501 2116 1566 sedato

672 1622 799 1689 dicendi
826 1642 943 1706 genere
976 1623 1209 1688 institutionum
1240 1624 1433 1690 Gaianarum
1462 1632 1493 1690 et
1521 1626 1561 1690 ab
1591 1624 1653 1689 hae
1683 1623 1904 1688 summissione
1937 1622 2116 1687 umbratilis

673 1740 824 1808 orationis
854 1741 966 1807 duram
995 1742 1084 1807 illam
1114 1763 1325 1827 asperumque
1353 1765 1413 1810 nec
1441 1746 1519 1810 satis
1547 1744 1713 1810 rotundam
1736 1742 2014 1826 compositionem.
2054 1762 2117 1824 qua

661 1852 731 1929 'nee
760 1863 887 1948 penitus
914 1869 1080 1946 perspecto
1096 1883 1153 1928 nec
1177 1864 1310 1929 feliciter
1325 1873 1510 1949 recuperato
1533 1865 1695 1949 scriptoris
1718 1862 1850 1928 consilio
1864 1883 1960 1928 uerus
1984 1863 2116 1946 sanguis

578 1991 580 1998 ’
671 1983 823 2049 orationis
853 1982 997 2049 Gaianae
1025 1982 1194 2067 deperiret.
1254 1985 1364 2068 Neque
1394 2007 1470 2051 nero
1499 1986 1646 2051 acerbius
1679 1983 1881 2068 uituperandi
1912 1991 1986 2048 sunt
2020 1983 2116 2048 iuno-

671 2103 823 2182 consulti,
854 2105 907 2186 qui
934 2123 1006 2169 cum
1029 2123 1130 2188 nuper
1151 2104 1193 2169 ad
1216 2105 1288 2170 Gaii
1312 2106 1563 2172 emendationem
1585 2105 1789 2173 accederent.
1821 2125 1884 2169 non
1907 2124 1978 2168 raro
2000 2103 2116 2168 rectius

671 2223 809 2289 sensisse
831 2243 927 2307 quam
949 2223 1074 2290 felicius
1095 2225 1272 2291 correxisse
1287 2226 1365 2291 uitia
1384 2226 1568 2291 uideantur:
1593 2226 1689 2290 immo
1711 2245 1769 2309 per
1791 2224 1866 2289 mihi
1891 2224 2002 2288 mimm
2026 2222 2117 2288 uide-

671 2351 731 2422 tur,
757 2343 842 2425 quod
864 2343 943 2409 haec
966 2349 1056 2408 aetas
1080 2344 1324 2428 philologorum,
1352 2347 1444 2428 quasi
1467 2347 1546 2412 iuris
1566 2346 1703 2411 Romani
1726 2345 1793 2411 fere
1816 2347 1930 2428 ignara
1953 2351 2039 2409 esset
2062 2351 2117 2407 ant

671 2463 771 2529 inuita
794 2464 838 2558 ad
858 2464 909 2529 ius
930 2463 1117 2530 discendum
1143 2465 1333 2547 declinaret,
1367 2473 1466 2532 toturn
1489 2467 1548 2532 hoc
1571 2485 1675 2549 genus
1696 2465 1841 2544 dicendi,
1872 2464 1905 2529 in
1928 2484 1991 2546 qno
2014 2483 2117 2548 parma

672 2604 735 2649 uon
757 2603 837 2669 pura
860 2592 892 2650 et
913 2585 1007 2667 quasi
1023 2583 1161 2649 candida
1182 2591 1265 2666 sunt,
1292 2606 1421 2670 prorsus
1442 2586 1602 2669 neglexit3
1627 2595 1768 2652 attamen
1785 2585 1859 2651 Gaii
1879 2593 2117 2667 ceterorumque

671 2705 808 2788 optimae
831 2705 948 2770 aetatis
977 2704 1271 2770 iurisconsultomm
1298 2705 1395 2772 libros
1418 2707 1491 2790 plus
1520 2707 1676 2772 interesse
1699 2705 1843 2772 cuiusuis
1873 2705 2027 2789 philologi
2049 2724 2117 2798 me-

671 2823 819 2892 diocriter
839 2824 873 2888 in
889 2825 958 2890 iure
974 2824 1094 2890 uersati
1117 2824 1232 2890 studiis
1255 2825 1298 2889 ad
1320 2826 1496 2893 litterarum
1515 2828 1728 2892 Romanarum
1743 2826 1909 2891 scientiam
1924 2845 2118 2909 recuperau-

670 2944 745 3009 dam
774 2964 870 3027 qnam
900 2945 1115 3010 subinsulsum
1138 2945 1358 3012 Africanorum
1389 2946 1575 3030 scriptomm
1605 2947 1795 3012 latinitatem
1822 2941 1875 3012 'uel
1903 2944 2116 3030 sophistarum

671 3062 892 3148 rhetorumque
915 3066 1037 3146 fucum,
1067 3065 1101 3130 iu
1122 3066 1238 3150 quibus
1259 3068 1497 3150 perscmtandis
1520 3067 1609 3132 multi
1633 3067 1728 3132 hodie
1750 3066 1918 3146 desudent,
1944 3065 2117 3150 prudentes

671 3184 903 3251 existimatores
926 3185 1022 3252 facile
1043 3185 1228 3252 concedent.
1269 3185 1353 3253 Sane
1369 3187 1471 3253 Gaius
1487 3207 1559 3253 cum
1575 3194 1659 3253 totus
1675 3187 1889 3252 delectaretur
1909 3186 1943 3250 in
1959 3184 2114 3266 docendo,

671 3309 744 3380 raro
772 3311 866 3370 tenue
896 3306 1143 3389 argumentandi
1169 3306 1258 3371 filum
1287 3307 1454 3400 elegantiis
1483 3307 1690 3391 artificiisque
1719 3306 1886 3372 exornanit
1914 3325 1953 3373 ac
1983 3326 2024 3371 ne
2051 3325 2117 3372 me·

670 3425 815 3491 morabili
854 3426 982 3509 quidem
1027 3426 1082 3520 illo
1128 3427 1198 3492 loeo
1250 3428 1389 3510 (9218),
1440 3427 1494 3492 ubi
1535 3427 1683 3492 deleverit
1729 3434 1760 3492 et
1805 3425 1954 3490 obleuerit
2000 3426 2118 3492 formas

671 3545 882 3613 uieinasesse
897 3547 1044 3630 uoluitrt,
1070 3546 1290 3613 immutatione
1312 3567 1485 3632 paucarum
1507 3548 1683 3613 litterarum
1706 3531 1893 3613 uenustates
1916 3546 2118 3630 qnaesioisse

671 3663 806 3732 uidetur.
853 3667 942 3736 Idem
964 3686 1096 3751 graecos
1117 3667 1196 3734 istos
1217 3667 1366 3733 flosculos
1389 3667 1538 3749 euitauit,
1572 3668 1686 3750 quibus
1709 3687 1750 3733 ex
1772 3665 2000 3753 posterioribus
2022 3665 2119 3730 iuris-

672 3785 824 3852 consultis
845 3808 909 3852 non
932 3787 1025 3873 pauci
1047 3786 1223 3855 doctrinam
1247 3795 1456 3854 ostentarunt.
1481 3855 1484 3863 ,

757 3908 860 3991 Atque
874 3908 1003 3974 omnino
1019 3905 1149 3992 saepius
1172 3907 1307 3972 aliorum
1322 3908 1462 3972 uirorum
1479 3906 1641 3974 doctorum
1664 3907 1862 3974 coniecturas
1885 3899 2118 3991 reprehendere

672 4027 760 4112 potui
782 4045 876 4111 quam
899 4027 1068 4110 corrigere.
1114 4029 1218 4113 Saepe
1235 4028 1320 4094 enim
1343 4028 1377 4093 in
1399 4027 1618 4113 palimpsestis
1641 4027 1696 4094 ubi
1711 4026 1788 4110 qnid
1809 4027 1863 4106 sit,
1888 4047 1952 4092 non
1974 4025 2116 4111 dispicis,

671 4155 705 4212 at
732 4147 809 4231 qnid
830 4167 893 4214 non
916 4148 969 4227 sit,
993 4147 1143 4232 dispicis:
1176 4148 1205 4214 si
1226 4167 1268 4215 ne
1289 4147 1323 4213 id
1345 4147 1485 4234 quidem,
1511 4155 1545 4212 at
1560 4155 1714 4231 quantum
1736 4146 1833 4232 spatii
1854 4145 1889 4211 id
1903 4147 2116 4232 occupauerit,

674 4266 781 4341 uidem
801 4269 1035 4353 supplementa,
1055 4287 1137 4352 quae
1152 4289 1173 4333 a
1186 4267 1419 4335 iurisconsultis
1435 4269 1468 4334 in
1484 4268 1563 4335 locis
1578 4267 1739 4334 lacunosis
1755 4267 1938 4352 excogitata
1952 4275 2038 4344 runt,
2055 4274 2132 4331 non'

674 4406 743 4453 raro
765 4407 799 4454 re
822 4388 988 4456 concinere
1010 4387 1119 4454 uerbis
1132 4387 1316 4472 discrepare
1331 4388 1433 4455 codex
1447 4409 1498 4454 me
1514 4387 1632 4454 docuit.
1672 4389 1784 4472 Itaque
1799 4387 1833 4452 in
1848 4387 1926 4452 locis
1942 4387 2119 4471 desperatis

672 4507 770 4574 malui
791 4507 886 4574 nimis
909 4507 1057 4590 incertas,
1083 4527 1164 4592 quae
1187 4507 1309 4592 passim
1329 4515 1557 4594 apparuerunt,
1582 4508 1760 4574 litterarum
1782 4507 1912 4572 umbras
1934 4507 1968 4570 in
1991 4505 2118 4573 schedis

672 4628 822 4708 retinere,
854 4649 896 4694 ne
924 4627 1001 4712 quid
1029 4626 1184 4694 insidiose
1213 4634 1269 4692 aut
1297 4627 1453 4694 fallaciter
1480 4628 1670 4713 proferrem,
1702 4627 1792 4694 cuius
1821 4626 1940 4693 indicio
1970 4625 2118 4694 simulato

674 4746 745 4814 freti
768 4749 822 4813 alii
844 4748 1037 4834 praecipites
1059 4747 1092 4813 in
1115 4747 1315 4814 coniectandi
1337 4747 1513 4833 pericnlum
1535 4747 1703 4814 ferrentur.

758 4869 930 4952 Postquam
957 4868 1054 4953 igitur
1083 4867 1138 4933 diu
1168 4869 1364 4952 multumque
1393 4868 1552 4948 dubitaui,
1586 4875 1692 4932 utrum
1721 4865 1815 4932 buius
1838 4885 1953 4951 operae
1981 4865 2116 4932 fructum

672 4989 904 5073 supplementis
936 4990 979 5056 ad
1008 4987 1282 5072 Boeckingianum
1310 4988 1532 5074 apographum
1559 4987 1716 5054 addendis
1746 5007 1787 5052 an
1816 5005 1900 5052 nouo
1932 4984 2117 5074 apographo

631 5229 635 5238 ,
742 5181 760 5241 ·)
784 5177 862 5232 cons.
882 5179 914 5232 P.
935 5177 1072 5248 Kruegeri
1098 5176 1255 5231 »Kritisehe
1273 5176 1401 5232 versuohe
1420 5177 1456 5230 im
1474 5177 1582 5246 gebiete
1602 5175 1649 5228 dea
1668 5173 1836 5230 roemischen
1855 5172 1961 5228 rechten
1989 5173 2117 5229 (Berolini

675 5265 748 5330 reto]
770 5281 831 5336 pag.
851 5267 892 5317 1³.
