4912 6506
394 862 548 928 mulcant:
580 861 659 927 illud
689 861 792 928 uobis'
809 869 883 928 ante
911 865 1017 930 omnia
1046 867 1219 932 curandum
1250 873 1337 946 erat,
1370 873 1403 932 ut
1433 864 1552 931 diutius
1580 865 1613 930 iu
1642 863 1838 932 Bibliotheca

393 982 637 1048 »commorandi
657 979 839 1050 facultatem
876 985 1141 1052 nancisceremur.
1180 987 1366 1054 'Praeterea
1394 1006 1465 1052 eam
1494 1004 1566 1052 csse
1596 984 1715 1051 codicIs
1744 984 1834 1050 XIII.

393 1101 623 1169 »condicionem
646 1103 753 1169 statIm
775 1103 1041 1188 intelligebamus,
1072 1114 1107 1172 nt
1128 1105 1161 1172 in
1183 1127 1221 1172 eo
1244 1105 1451 1183 enucleando,
1478 1079 1539 1170 nisi
1562 1104 1713 1171 chemicis
1735 1111 1839 1170 reme-

393 1221 471 1288 udiis
492 1221 655 1302 adhibitis,
680 1223 797 1289 frustra
819 1245 947 1309 operam
971 1227 1184 1312 consumpturi
1208 1245 1361 1292 essemus.
1412 1225 1513 1309 Igitur
1535 1233 1569 1291 ut
1590 1227 1697 1310 gallae
1717 1223 1835 1304 infuso,

393 1341 491 1426 maed
520 1343 611 1410 uobis
640 1343 767 1445 quidem
796 1345 936 1410 omnium
962 1345 1170 1412 remediorum
1200 1367 1297 1412 unum
1328 1365 1363 1412 sc
1391 1345 1553 1432 probavit,
1583 1345 1630 1411 uti
1660 1345 1787 1423 liceret,
1817 1364 1838 1409 a
1951 1361 1954 1370 ’

381 1462 685 1530 snRevereudissimo
713 1465 858 1549 Capitulo
888 1465 982 1530 venia
1010 1467 1149 1551 petenda
1182 1475 1260 1533 crat.
1307 1465 1379 1546 Qua
1408 1486 1442 1532 re
1471 1465 1618 1532 effectum
1648 1474 1713 1545 est,
1754 1473 1789 1531 ut
1805 1485 1837 1561 ἰιι

393 1583 511 1649 »medio
539 1585 667 1650 demum
697 1585 788 1654 Iunio
816 1604 857 1651 ex
890 1592 963 1652 voto
998 1586 1088 1652 uobis
1117 1586 1302 1671 procederet
1335 1587 1473 1672 suscepti
1503 1585 1646 1653 mandati
1679 1585 1833 1668 executio,

392 1723 504 1786 aquae,
533 1723 605 1770 cum
627 1705 735 1789 aliqua
756 1713 861 1770 tamen
884 1705 1129 1790 intermissione,
1160 1707 1203 1772 ad
1226 1706 1364 1773 medium
1386 1707 1452 1774 lero
1476 1707 1643 1773 Octobrem
1666 1713 1837 1790 occupatus

391 1843 465 1890 »uos
487 1825 598 1891 tenuit.
645 1825 857 1892 Beklrerus
880 1825 1026 1909 quidem,
1058 1834 1093 1892 ut
1121 1827 1186 1892 alia
1214 1847 1314 1911 caque
1336 1827 1527 1911 gravissima
1549 1826 1688 1893 litterata
1709 1826 1837 1910 negotia

391 1943 446 2008 aab
475 1944 649 2012 Academia
683 1945 784 2030 Regia
820 1946 880 2012 sibi
917 1947 1086 2012 commissa
1124 1947 1308 2032 expediret,
1341 1947 1412 2031 jam
1448 1953 1585 2015 exeunte
1621 1965 1726 2014 mense
1756 1945 1837 2011 Iulio
1953 1977 1957 1986 ·

391 2063 619 2130 »Mediolanum
649 2085 684 2132 sc
713 2067 903 2146 contuleram
935 2087 1036 2150 aeque
1065 2074 1170 2134 tamen
1194 2069 1295 2134 solum
1326 2089 1374 2134 me
1405 2068 1606 2152 reliquerat·
1632 2065 1836 2134 Clarissimus

392 2184 490 2249 »enim
514 2185 785 2270 Hollvvegius,
816 2187 1037 2254 Vniversitatis
1065 2189 1237 2254 litterariae
1266 2189 1500 2268 Berolinensis,
1531 2189 1585 2253 ubi
1609 2188 1680 2272 jam
1708 2187 1835 2271 egregie

390 2304 597 2373 »Professoris
627 2315 734 2392 partes
763 2307 916 2388 susdnet,
947 2328 985 2374 eo
1014 2281 1155 2393 tempore
1185 2308 1348 2390 alumnus,
1383 2328 1453 2374 cum
1483 2309 1723 2386 difficultatum,
1756 2325 1837 2390 quas

389 2425 534 2492 »haberet
556 2427 674 2494 codicis
693 2427 794 2492 XIII·
811 2429 989 2514 explicatio,
1016 2427 1102 2493 lama
1116 2428 1159 2494 ad
1174 2447 1245 2494 eum
1269 2430 1392 2514 perlata
1413 2437 1510 2509 esset,
1534 2423 1709 2495 litterarum
1729 2446 1836 2493 amore

388 2545 534 2626 ductus,
560 2567 618 2612 sua
639 2555 751 2632 sponte
772 2545 902 2634 operam
926 2568 1017 2614 suam
1041 2549 1205 2615 oblaturus
1227 2549 1269 2614 ad
1292 2568 1349 2614 uos
1372 2557 1520 2616 venerat:
1547 2550 1639 2634 cujus
1662 2548 1836 2614 industriae

313 2703 315 2706 ·
390 2656 498 2748 ratque
528 2667 687 2734 sollertiae
712 2677 865 2751 quautam
894 2667 1045 2748 debeam,
1077 2668 1259 2734 dicereris
1288 2689 1425 2754 possum.
1476 2669 1544 2736 Iam
1566 2689 1643 2736 vero
1671 2674 1723 2746 ut,
1754 2687 1836 2751 quae

389 2787 669 2871 opramdtcdmns,
701 2783 838 2854 breviter
865 2787 1093 2868 demonstrem,
1127 2789 1261 2874 primum
1285 2807 1343 2867 ea,
1374 2808 1457 2872 qnae
1479 2789 1731 2856 Niebuhrius
1759 2807 1836 2854 cou-

388 2906 537 2986 rlecerat,
562 2908 707 2992 exempla
729 2907 898 2992 diligenter
920 2917 953 2974 et
974 2909 1213 2993 recognovimus
1235 2917 1268 2974 et
1289 2909 1524 2994 supplevimus:
1550 2908 1666 2976 deinde
1689 2927 1740 2986 ea,
1764 2909 1835 2990 qui-

387 3025 460 3092 vbus
486 3027 658 3110 juridicum
690 3027 809 3094 codicis
837 3029 927 3094 XHl.
960 3036 1181 3113 argumentum
1211 3029 1497 3114 comprehenditur,
1530 3049 1674 3114 quaeque
1705 3047 1834 3114 prorsus

385 3145 561 3230 »incognita
582 3154 673 3213 erant
694 3155 801 3227 antea,
834 3150 983 3234 pleraque
1005 3149 1111 3216 omnia
1133 3149 1410 3235 transcripsimus;
1444 3158 1496 3230 nt,
1530 3169 1612 3232 quae
1642 3149 1834 3234 inexplicata

336 3339 338 3343 Α
385 3267 490 3333 mobis
513 3267 722 3351 relinquenda
744 3267 945 3364 tueantur
968 3289 1083 3336 nonam
1106 3271 1201 3368 totius
1224 3269 1343 3337 codicis
1366 3277 1488 3356 purtem
1512 3259 1669 3337 alliciant:
1695 3269 1833 3352 denique

385 3386 498 3470 uillam,
525 3408 618 3471 quam
634 3407 732 3473 snpra
747 3388 936 3473 significavi,
959 3389 1109 3458 Savinii
1132 3392 1345 3477 conjecturam
1360 3389 1559 3457 verissimam
1582 3390 1760 3456 invenimus
1779 3439 1785 3452 .
1801 3440 1829 3454 ..

324 3509 327 3516 ’
384 3507 512 3592 »Neque
534 3527 623 3590 vero,
657 3528 729 3574 cum
751 3525 936 3594 prosperum
959 3510 1042 3576 huuc
1064 3511 1167 3595 cogito
1189 3519 1355 3588 eventum,
1387 3519 1562 3595 temperare
1585 3510 1663 3577 mihi
1685 3529 1826 3596 possum,

384 3627 474 3710 »quin
502 3636 596 3711 gratu
624 3637 729 3696 mente
751 3631 911 3698 nominem
933 3631 1025 3697 Viros
1048 3631 1270 3716 Amplissimos
1297 3639 1394 3714 atque
1417 3631 1698 3709 Generosissimos,
1723 3631 1831 3696 Comi-

384 3755 462 3814 otem
484 3746 532 3814 de
554 3749 679 3830 Gocs,
703 3749 893 3835 supremum
915 3747 1011 3817 totius
1032 3751 1172 3818 Venetae
1194 3751 1375 3836 provinciae
1398 3751 1592 3834 Praecidam,
1618 3751 1830 3834 Liberumque

383 3869 555 3936 »Batonem
583 3867 632 3936 de
660 3870 855 3952 bederor,
885 3871 1059 3940 Veronensi
1087 3870 1208 3955 regioni
1238 3872 1456 3952 Praefectum,
1488 3872 1542 3954 qni
1572 3891 1696 3938 summo
1724 3872 1829 3938 studio

383 4009 455 4055 »nos
477 3987 678 4074 adjuverunt.
717 3991 852 4082 Multum
874 4012 967 4077 porro
989 3993 1147 4058 amicitiae
1170 3990 1323 4059 debemus
1345 3998 1411 4057 tum
1433 3991 1637 4058 Celeberrimi
1660 3993 1829 4076 loseplri

382 4109 614 4190 dambori,
639 4110 764 4198 physici
779 4111 927 4198 insignis,
944 4121 1010 4178 tum
1031 4112 1241 4181 Illustn‘ssimi
1257 4111 1388 4179 Comitis
1405 4112 1562 4196 Ignatii
1578 4112 1805 4200 Bevilacqn
1809 4133 1829 4176 a

383 4230 558 4309 ahaziae,
588 4231 768 4297 litterarum¹
791 4252 853 4297 nou
879 4231 1016 4298 vsanatoris
1037 4232 1150 4312 modo,
1183 4232 1241 4299 sed
1269 4232 1364 4298 etiam
1395 4232 1535 4298 cultoris.
1582 4232 1644 4297 Hic
1666 4232 1718 4298 vel
1740 4243 1828 4317 post-

380 4371 491 4435 rquam
516 4351 638 4418 Verona
660 4341 857 4434 abieramus,
891 4353 1007 4438 incepti
1031 4354 1129 4419 nostri
1152 4352 1420 4420 studiosissimum
1444 4371 1479 4418 se
1501 4351 1678 4437 praestitit;
1711 4352 1827 4436 quippe

380 4471 450 4555 aqui
478 4471 550 4557 ejns
577 4472 719 4538 notitiam
750 4471 889 4556 eleganti
916 4473 1025 4540 libello
1054 4494 1124 4540 cum
1152 4472 1360 4560 popularibus
1388 4471 1456 4538 suis
1485 4472 1825 4551 communicaverit¹⁰,=,

381 4599 428 4658 ret
450 4599 515 4658 tam
538 4592 705 4676 fragmenti
720 4575 761 4658 de
783 4577 1066 4679 praescriptionum
1085 4602 1117 4660 et
1137 4593 1376 4659 interdictorum
1393 4592 1479 4677 jure,
1504 4612 1599 4676 quam
1615 4592 1675 4658 loci
1690 4593 1827 4677 alicujus

381 4731 435 4778 »ex
462 4713 495 4778 S.
521 4712 706 4798 Hieronymi
733 4684 895 4806 epistolis,
927 4715 981 4796 qui
1010 4721 1097 4780 extat
1114 4697 1152 4777 ἶιι
1174 4713 1284 4780 codice
1306 4713 1419 4792 XIII,
1451 4732 1510 4778 sua
1533 4731 1628 4778 mauu
1651 4713 1829 4778 exaraverit

380 4833 565 4917 »imaginem
593 4843 710 4908 nostro
729 4835 800 4900 usui
828 4833 1036 4914 destinatam,
1067 4854 1130 4917 qua
1157 4831 1275 4916 singull
1303 4833 1421 4917 quique
1446 4832 1612 4918 archetypi
1634 4833 1748 4900 ductus
1771 4853 1826 4897 ac-

380 4954 592 5020 »oumnssime
626 4947 856 5039 exprimunturl
910 4954 990 5020 Cum
1024 4963 1128 5019 autem
1162 4975 1182 5018 a
1219 4953 1491 5020 Reverendissimi
1519 4953 1659 5039 Capituli
1691 4952 1826 5018 decretis

379 5074 591 5160 »potissimum
620 5074 774 5174 penderet
792 5074 942 5168 ,suscepti
972 5073 1076 5158 operis
1105 5081 1258 5152 eventus,
1291 5073 1371 5139 illud
1400 5073 1492 5139 nobis
1520 5074 1660 5139 omnium
1689 5073 1825 5138 maxime

449 5333 478 5396 ¹⁰)
499 5331 573 5386 »Via
593 5348 676 5402 supra
692 5341 750 5413 not.
768 5333 791 5383 l.
