4912 6506
345 857 435 904 »vero
465 838 577 924 adjicit
605 837 820 906 dissicias:
861 847 906 920 ,et
939 842 971 907 in
1004 843 1087 908 alia:
1125 844 1293 908 seeundum
1323 846 1498 910 naturalem
1527 845 1787 932 apapteau'oaem

344 980 465 1023 merum
493 981 556 1024 erse
585 961 686 1026 delet‘
716 968 797 1040 etc,
833 981 872 1028 ea
903 961 1016 1028 iterum
1045 963 1087 1028 ad
1122 963 1333 1048 fragmentum
1362 963 1403 1031 de
1439 965 1725 1052 praescriptionum
1754 971 1786 1032 et

346 1079 596 1146 »interdictorum
609 1080 684 1164 jure
697 1080 865 1150 referenda
880 1087 964 1148 sunt.
986 1132 1034 1148 ...
1053 1082 1172 1148 Eodem
1187 1084 1326 1168 donique
1342 1084 1479 1169 pertinet
1494 1087 1668 1173 scripturae
1683 1086 1787 1171 speci-

346 1219 449 1276 »men,
484 1200 568 1283 quod
595 1201 629 1267 in
659 1201 801 1268 secunda
822 1203 949 1280 tabula,
984 1222 1066 1285 quae
1089 1201 1260 1287 Opnsoulis
1283 1205 1508 1274 ecclesiasticis
1531 1205 1692 1290 jungitur,
1728 1207 1786 1272 sub

345 1321 552 1388 mummoli.
584 1321 650 1386 aeri
679 1321 813 1388 incisum
842 1321 1050 1407 conspicitur,
1085 1331 1329 1408 repraesentans
1359 1325 1440 1390 illud
1462 1327 1600 1411 paginae
1627 1329 1658 1390 2.
1684 1326 1787 1392 lineas

344 1445 456 1508 »5-9.
480 1461 501 1506 a
523 1441 627 1508 uerbis
649 1443 734 1504 uada
755 1441 860 1505 omnin
883 1441 1049 1508 interdieta
1072 1463 1171 1528 usque
1192 1445 1235 1510 ad
1256 1445 1353 1510 verba
1375 1445 1467 1510 aditui
1480 1448 1646 1532 formalia.
1687 1446 1787 1531 Cujus

342 1561 542 1647 »speciminis
564 1569 676 1646 postea
698 1569 820 1646 partem
842 1563 981 1646 aliquam
1010 1565 1095 1648 (pag.
1114 1568 1146 1630 2.
1170 1585 1255 1632 vers.
1277 1569 1383 1651 5-7.)
1411 1565 1523 1631 iterum
1546 1567 1613 1632 aeri
1634 1566 1780 1644 incisam,

344 1689 452 1766 eatque
479 1682 575 1748 otiam
604 1683 709 1767 typis,
740 1682 815 1749 licet
841 1683 944 1749 minus
973 1693 1140 1764 accurate,
1173 1686 1364 1770 exscriptam
1393 1685 1477 1752 Novi
1505 1693 1659 1752 tractatus
1685 1685 1726 1752 de
1753 1705 1787 1752 re

342 1803 563 1888 »diplomatica
583 1809 729 1868 auctores
751 1802 1006 1887 exhibuerunti.

429 1923 541 2002 »Quod
563 1923 604 1989 ad
627 1923 768 1990 codicem
791 1923 882 1989 XIII.
907 1925 1030 2002 attinet,
1055 1925 1154 1990 multo
1176 1926 1297 1992 tardius
1320 1925 1437 2006 evenit,
1465 1933 1500 1992 ut
1520 1926 1693 2010 juridicum
1716 1926 1786 2010 ejus

344 2051 579 2128 »argumentum
601 2043 830 2124 innotesceret3
861 2043 980 2129 quippe
1002 2045 1086 2128 quod
1109 2047 1265 2112 occultum
1288 2046 1440 2112 manserit
1467 2044 1510 2111 ad
1531 2047 1706 2113 novissima
1731 2066 1787 2112 us-

343 2184 419 2248 uque
440 2172 594 2249 tempora.
637 2164 835 2248 Quamquam
851 2164 991 2230 codicem
1013 2185 1054 2232 ex
1075 2165 1354 2250 palimpsestorum
1375 2185 1504 2232 numero
1527 2187 1610 2244 esse,
1635 2165 1786 2232 Malle·

344 2285 442 2376 pium
465 2284 595 2350 minime
615 2284 759 2368 ingerat:
785 2285 876 2370 quus
900 2285 945 2350 rei
964 2286 1054 2352 testis
1076 2295 1124 2352 est
1147 2286 1295 2351 librorum
1311 2287 1593 2374 manuscriptorum
1609 2286 1784 2370 catalogus,

343 2405 411 2488 aqui
432 2405 466 2470 in
489 2404 685 2470 Bibliotheca
706 2405 880 2490 capitulari
903 2413 1093 2486 asservatur,
1127 2426 1222 2471 manu
1252 2413 1418 2490 exaratus,
1433 2379 1471 2471 ¹a
1500 2404 1669 2472 bleiseio
1700 2427 1787 2473 com-

344 2525 498 2610 »positus,
523 2531 598 2610 post
618 2524 714 2607 hujus
736 2533 842 2592 autem
865 2525 984 2590 obitum
1005 2546 1026 2591 a
1048 2526 1231 2592 doctissimo
1254 2527 1428 2592 Antonio
1450 2527 1619 2592 Masotti
1641 2527 1787 2616 recogni-

343 2648 463 2730 stus³);
494 2645 528 2710 io
559 2665 596 2710 eo
626 2645 710 2711 eninr
740 2645 780 2712 de
809 2645 917 2712 codice
947 2653 1054 2712 nostro
1083 2645 1165 2711 inter
1192 2647 1257 2711 alia
1285 2647 1434 2730 leguntur
1456 2647 1554 2713 haec:
1592 2647 1725 2724 ‚Multae
1747 2665 1787 2712 ex

345 2765 477 2832 robertis
501 2765 643 2831 codicem
666 2767 764 2830 alium
786 2766 1031 2846 constituerant,
1065 2765 1175 2832 dilutis
1205 2765 1362 2850 siquidem
1393 2767 1603 2832 anterioribus
1626 2767 1726 2833 literis
1749 2786 1787 2832 ac

342 2886 483 2963 adoletis,
516 2905 597 2970 qnae
620 2905 703 2952 nunc
725 2893 894 2952 cernuntur
916 2885 1161 2972 superinductae
1184 2894 1272 2968 sunt,
1305 2887 1388 2971 qnod
1411 2893 1444 2954 et
1470 2888 1505 2952 in
1527 2887 1600 2952 aliis
1624 2887 1787 2954 codicibus

347 3006 571 3072 animadverti
593 3007 732 3091 pluries,
764 3005 886 3092 primae
908 3007 1083 3092 scripturae
1106 3007 1184 3073 satis
1207 3027 1242 3074 se
1264 3007 1419 3092 prodente
1440 3006 1591 3092 vestiga,
1617 3026 1656 3072 ac
1678 3007 1706 3072 si
1728 3027 1787 3072 an-

347 3127 492 3210 utiquitus
516 3127 597 3194 adeo
619 3127 836 3210 infrequentes
859 3135 1059 3193 occurrerent
1080 3127 1194 3194 ovinae
1217 3127 1336 3212 pelles,
1366 3135 1400 3193 ut
1428 3128 1488 3194 nisi
1511 3127 1640 3194 alterius
1662 3127 1790 3193 interitu

347 3267 461 3314 »novus
484 3247 565 3314 liber
587 3246 661 3312 oriri
683 3266 746 3312 non
769 3250 937 3332 posset‘ii.
982 3249 1105 3332 Itaque,
1132 3247 1272 3314 codicem
1297 3247 1387 3312 XIII.
1413 3248 1600 3332 rescriptum
1622 3267 1707 3326 esse,
1732 3267 1789 3312 ne·

347 3387 421 3450 tuoe
437 3366 627 3432 Mallaius
649 3367 819 3452 ignorauit,
842 3387 946 3451 neque
961 3367 1196 3448 Masottius,
1227 3387 1419 3452 quamquam
1435 3367 1517 3433 hanc
1538 3367 1680 3433 notitiam
1703 3367 1788 3452 typis

346 3487 492 3570 »vulgare
515 3486 759 3571 supersederunt
781 3488 891 3566 ambo;
922 3489 1015 3572 quale
1037 3497 1142 3554 autem
1165 3495 1251 3554 esset
1273 3488 1398 3554 deletae
1420 3487 1596 3572 scripturae
1618 3507 1811 3572 argaman·

345 3613 436 3690 atum,
462 3607 496 3672 id
517 3607 569 3672 vel
591 3607 679 3692 ipsos
705 3608 807 3674 latuit.

431 3727 542 3792 »Nulla
563 3728 660 3812 igitur
681 3727 721 3794 de
744 3728 960 3812 singularibus
982 3727 1100 3795 codicis
1115 3729 1206 3794 XIII.
1225 3729 1350 3796 dotibus
1372 3728 1460 3814 apud
1482 3729 1565 3794 viros
1589 3727 1698 3794 doctos
1720 3735 1788 3793 erat

239 3829 245 3842 ’
344 3847 507 3932 »suspicio
554 3845 644 3926 Quae
673 3868 748 3914 uero
770 3847 811 3914 de
832 3848 962 3932 reliquis
984 3848 1068 3926 illis,
1100 3869 1232 3932 quarum
1261 3848 1451 3915 mentionem
1474 3848 1658 3929 habuimus,
1686 3867 1786 3913 mem·

345 3968 466 4034 >branis
489 3967 609 4054 publici
626 3968 710 4052 juris
733 3969 852 4035 lecerat
873 3969 1085 4050 Malieius,
1112 3989 1161 4051 ea,
1188 3969 1221 4036 in
1237 3970 1409 4036 Germania
1429 3970 1557 4049 saltem,
1582 3968 1697 4034 oblivio
1719 3965 1785 4034 fere

342 4087 537 4168 »deleuerat3
562 4089 657 4154 itaut
673 4088 904 4156 Celeberrimos
919 4089 1170 4168 Hauboldus,
1195 4090 1286 4174 cujus
1307 4089 1467 4172 ingentem
1484 4089 1690 4154 eruditionem
1707 4087 1787 4153 nihii

342 4207 424 4275 alera
439 4209 519 4275 solet
533 4208 656 4292 lugere,
681 4209 864 4276 memoriam
879 4229 989 4276 eorum
1011 4210 1162 4295 peculiari
1185 4213 1447 4294 programmateI)
1474 4209 1646 4275 renovandi
1669 4208 1786 4293 optimo

343 4329 426 4413 »jure
447 4329 613 4396 consilium
636 4337 773 4414 caperet.
813 4329 850 4396 In
865 4350 927 4414 quo
948 4330 1057 4397 libello
1073 4329 1264 4396 elaborando
1279 4349 1351 4394 cum
1366 4329 1470 4396 adhuc
1492 4335 1664 4415 occupatus
1687 4336 1782 4405 esset,

341 4469 438 4516 »nora
460 4457 555 4533 atque
569 4449 736 4535 inopinata
757 4450 939 4517 accessione
960 4457 1056 4517 aucta
1078 4455 1127 4517 est
1148 4450 1375 4516 Veronensium
1399 4450 1650 4516 membranarum
1673 4448 1783 4536 cogni·

408 4673 426 4736 ⁴)
448 4671 600 4726 »Nouveau
612 4672 702 4727 Traite
721 4673 755 4728 de
774 4672 979 4744 diplomatique.
1011 4674 1094 4728 Tome
1113 4673 1261 4728 troisibme.
1292 4673 1378 4727 Paris.
1403 4675 1476 4727 tibi.
1496 4691 1557 4744 pag.
1573 4675 1632 4727 208.
1655 4672 1720 4726 Tub.
1737 4675 1779 4725 tu.

408 4777 426 4838 ⁵)
443 4775 577 4830 »Constat
600 4775 707 4830 duobus
733 4775 916 4830 voluminibus
942 4777 971 4830 in
994 4777 1042 4831 foi.
1068 4777 1174 4831 Titulus
1200 4777 1238 4831 sic
1261 4776 1357 4830 habet:
1389 4775 1566 4846 Scipionis
1590 4775 1711 4831 Malloi
1736 4775 1781 4830 Bi·

339 4859 449 4914 rblioth.
465 4861 648 4932 Manuscripta
665 4861 827 4932 capitularis
846 4861 986 4930 recognita
999 4863 1105 4934 digesta
1124 4863 1249 4934 suppleta
1268 4861 1319 4915 sub
1337 4860 1463 4931 auspiciis
1481 4860 1649 4932 Amplissimi
1662 4860 1780 4933 Capituli

340 4946 390 5000 »ab
408 4947 484 5000 Ant.
505 4947 649 5001 Masotti
668 4947 799 5002 Biblioth.
821 4947 945 5003 Veronae
963 4947 1250 5003 MDCCLXXXVIII.

406 5051 425 5115 θ)
447 5051 567 5105 »Locum
586 5050 659 5105 huuc
677 5051 787 5105 exhibet
804 5050 865 5104 Vol.
882 5051 904 5104 l.
926 5068 987 5123 pag.
1003 5055 1045 5104 62.

407 5156 425 5218 ⁷>
448 5153 571 5208 »Notitia
595 5153 752 5226 Fragmenti
775 5153 941 5208 Veronensis
966 5155 1000 5208 de
1025 5153 1187 5210 Interdictis.
1232 5155 1350 5208 Auctore
1380 5153 1583 5208 Christiano
1614 5152 1778 5208 Gottlieb

340 5239 551 5294 »Hauboldo
596 5240 710 5311 Lipsiae.
734 5242 809 5295 1816.
851 5239 892 5308 {In
915 5238 1056 5295 Hauboldi
1081 5239 1216 5312 opusculis
1240 5239 1418 5304 academicis,
1451 5239 1504 5293 uol.
1527 5239 1565 5292 II.
1601 5239 1675 5310 Lips.
1704 5241 1777 5292 1829.

338 5329 374 5378 80.
394 5343 420 5396 p.
437 5329 597 5394 'tut-3464
