4912 6506
1282 599 1332 609 —
1385 583 1448 635 xm
1500 600 1552 609 —

693 863 770 928 tiam
803 863 888 930 omni
918 863 1012 928 modo
1041 863 1166 929 colendi
1200 870 1232 928 et
1261 863 1427 929 reuerendi
1454 863 1585 948 capituli
1614 865 1768 948 temptaui
1798 884 1898 948 caque
1927 863 2004 930 folia
2033 863 2136 931 denuc

692 983 822 1062 contuli,
848 1003 930 1066 quae
952 985 1036 1050 lectu
1059 981 1202 1049 faciliora
1226 1002 1297 1049 esse
1319 982 1512 1049 uiderentur.

780 1103 844 1170 Sed
871 1124 942 1169 eum
971 1123 1079 1169 mense
1108 1104 1200 1168 Iunio
1228 1104 1305 1168 anni
1337 1106 1417 1168 1866
1448 1105 1644 1170 intellectum
1670 1111 1756 1170 esset
1783 1107 1962 1171 coalescere
1986 1106 2137 1171 Italorum

692 1224 854 1290 hominum
884 1224 1119 1289 multitudinem
1149 1224 1182 1288 in
1209 1225 1319 1309 populi
1349 1225 1443 1292 unius
1472 1245 1585 1309 corpus
1615 1225 1704 1291 nulla
1732 1247 1767 1291 re
1797 1233 2018 1309 praeterquam
2040 1225 2137 1290 armis

691 1365 787 1428 posse
810 1351 842 1410 61
863 1365 1005 1410 rumores
1028 1345 1173 1411 debello
1195 1346 1337 1429 proxime
1359 1345 1498 1411 instante
1520 1345 1665 1411 Veronae
1688 1357 1780 1413 16666
1804 1345 1994 1427 6616166661,
2020 1346 2138 1429 161661-

692 1473 758 1530 1616
780 1472 956 1550 temporum
979 1473 1091 1548 motus,
1118 1465 1194 1548 quia
1216 1472 1401 1530 ornamenta
1423 1466 1511 1549 pacis
1535 1486 1691 1532 unacum
1714 1467 1867 1534 subsidiis
1890 1467 1966 1532 belli
1986 1467 2042 1531 uix
2063 1473 2137 1550 apte

692 1586 797 1670 parari
820 1605 915 1670 posse
937 1585 1145 1662 uidebantur,
1171 1585 1278 1652 studia
1303 1587 1499 1670 aliquamdiu
1528 1587 1695 1666 intermisi,
1725 1585 1907 1653 intermissa
1929 1594 2001 1671 post
2022 1606 2136 1652 nouem

692 1707 847 1773 mensium
870 1707 1074 1772 interuallum
1089 1706 1258 1790 resumpsi.
1291 1708 1353 1772 Per
1367 1706 1427 1772 hoc
1443 1714 1579 1791 tempus,
1599 1727 1671 1773 cum
1687 1708 1720 1773 in
1735 1709 1804 1773 iure
1821 1708 1906 1773 ciuili
1923 1707 1977 1772 uix
1994 1707 2073 1774 satis
2087 1707 2139 1771 in-

691 1833 830 1893 structus
845 1847 948 1894 essem
963 1847 1066 1909 neque
1083 1826 1192 1892 611116
1213 1827 1555 1894 1616116666661161661
1571 1829 1819 1895 familiaritatem
1835 1829 1953 1894 intrare
1973 1826 2134 1906 auderem,

692 1949 796 2013 fontes
824 1947 902 2013 iuris
925 1947 1076 2026 Romani,
1109 1967 1188 2030 quos
1218 1955 1315 2014 66166
1343 1949 1524 2013 summatim
1555 1949 1718 2031 obiterque
1742 1950 1886 2033 cognitos
1908 1965 2138 2034 percursosquc

693 2066 860 2148 habebam,
888 2075 919 2134 ct
942 2067 1104 2133 doctorum
1126 2069 1210 2133 16161
1232 2089 1266 2134 66
1286 2068 1504 2134 dissensiones
1527 2089 1565 2134 ac
1580 2069 1715 2135 discidia
1730 2071 1908 2136 accuratius
1923 2067 2134 2155 perlustraui;

693 2209 769 2254 nam
791 2188 860 2254 sine
882 2188 994 2253 notitia
1008 2207 1112 2254 rerum
1135 2208 1195 2254 nec
1216 2188 1361 2272 intellegi
1376 2189 1550 2272 quidquam
1572 2209 1631 2256 uec
1653 2191 1790 2256 inueniri
1814 2191 1846 2255 in
1869 2189 1919 2256 his
1935 2191 2030 2255 rebus
2045 2206 2139 2272 posse

691 2308 812 2374 dudum
842 2327 1077 2394 perspexeram.
1124 2310 1205 2374 Tum
1228 2329 1305 2375 uere
1326 2307 1469 2394 proximo
1491 2310 1649 2376 Veronam
1678 2329 1825 2376 reuersus
1848 2331 1918 2376 6661
1945 2317 2067 2394 partem
2090 2307 2139 2372 la-

692 2429 795 2506 boris,
826 2449 920 2512 quam
943 2428 1124 2496 incohatam
1146 2429 1352 2513 reliqueram,
1376 2431 1538 2497 mensibus
1561 2431 1693 2497 aestiuis
1715 2451 1869 2497 annornm
1897 2434 1976 2496 1861
2001 2437 2032 2496 61
2058 2430 2138 2494 1868

693 2551 869 2616 absolui-
879 2571 953 2616 nam
969 2570 1027 2635 per
1041 2551 1170 2616 brumae
1186 2556 1311 2635 tempus
1326 2558 1455 2636 propter
1470 2553 1551 2617 caeli
1567 2553 1735 2636 caliginem
1751 2552 1891 2617 laborem
1907 2551 2026 2616 inuitus
2041 2549 2141 2614 inter-

692 2671 776 2736 misi.
833 2672 1072 2756 Peropportune
1110 2677 1218 2736 autem
1256 2670 1333 2736 mihi
1371 2671 1501 2753 cecidit,
1543 2672 1628 2756 quod
1664 2693 1749 2738 anno
1787 2674 1868 2737 1867
1901 2670 2139 2736 Theodorus

692 2789 923 2868 Mommsen,
957 2811 1042 2856 anno
1074 2794 1156 2856 1868
1186 2792 1338 2857 Paulus
1366 2791 1554 2875 Krueger
1581 2811 1638 2877 per
1663 2795 1839 2878 complures
1862 2800 1992 2875 uterque
2015 2807 2140 2857 menses

694 2913 835 2978 Veronae
860 2911 894 2976 in
917 2910 1028 2976 cadem
1051 2910 1241 2977 bibliotheca
1269 2910 1436 2996 capitulari
1464 2913 1607 2996 cognatis
1635 2913 1748 2978 studiis
1778 2933 1905 2998 operam
1927 2911 2081 2978 1161161661
2110 2917 2141 2974 61

692 3039 820 3118 propter
849 3051 900 3097 me
927 3030 1110 3096 adsidentes
1139 3032 1314 3097 consulenti
1340 3033 1443 3098 amico
1471 3051 1534 3116 666
1565 3039 1638 3098 6661
1660 3033 1822 3099 doetrinae
1850 3033 1941 3117 copia
1969 3050 2137 3114 numquam

689 3173 751 3218 non
774 3158 901 3238 praesto
922 3151 1060 3217 fuerunt.
1104 3151 1146 3216 Hi
1168 3152 1229 3217 uiri
1253 3152 1491 3219 familiarissimi
1514 3173 1718 3238 summaeque
1742 3152 1983 3220 necessitudinis
2005 3171 2043 3217 66
2065 3149 2138 3214 fidei

691 3273 827 3340 uinculis
855 3291 978 3337 meeum
1007 3270 1164 3338 coniuncti
1203 3291 1352 3355 magnum
1381 3273 1596 3338 adiumentum
1630 3273 1818 3340 adferebant
1846 3273 1887 3338 ad
1923 3291 2025 3337 meam
2061 3271 2138 3336 iuris

638 3573 642 3580 .
690 3513 829 3578 iectandi
843 3513 1035 3580 moderatrix
1056 3520 1142 3592 crat;
1167 3513 1277 3579 horum
1300 3511 1520 3580 adhortatione
1535 3514 1753 3598 celeribusqnc
1774 3513 1972 3596 ingeniorum
1987 3511 2135 3587 motibus,

691 3634 803 3717 quibus
825 3636 921 3700 telum
952 3634 1028 3699 mihi
1051 3633 1350 3699 subministrabatur
1372 3654 1433 3717 quo
1461 3642 1602 3700 armatus
1625 3633 1728 3700 denuo
1750 3633 1942 3717 adgrederer
1969 3633 2055 3698 locos
2082 3630 2138 3696 116-

692 3763 846 3840 speratos,
871 3755 1058 3840 permultum
1082 3771 1133 3819 me
1155 3751 1269 3818 debere
1291 3753 1423 3819 libenter
1445 3761 1597 3838 gratmue
1619 3755 1725 3820 animo
1747 3753 1903 3839 profiteor.

778 3875 891 3958 Neque
920 3874 999 3940 illud
1028 3873 1183 3940 hocloco
1212 3873 1537 3957 praetermittendum,
1569 3875 1653 3959 quod
1681 3875 1816 3956 pertinet
1844 3873 1886 3938 ad
1915 3871 2137 3938 liberalitatem

692 3995 837 4061 Giuliarii
860 4001 978 4079 quanta
1000 3993 1095 4059 fuerit
1115 3993 1383 4077 intellegendum:
1415 3995 1469 4078 qui
1499 4015 1570 4060 cum
1593 3995 1699 4062 omnia
1721 3995 1903 4079 permittere
1924 3994 2032 4071 uellet,
2057 4010 2137 4075 6666

691 4114 835 4180 6111111111
863 4113 984 4197 aliquid
1012 4113 1130 4180 habere
1158 4133 1252 4199 posse
1274 4113 1455 4180 uiderentur
1484 4095 1527 4181 ad
1556 4115 1791 4201 peregrinorum
1814 4113 1919 4180 studia
1940 4111 2136 4190 ediscenda,

690 4242 723 4300 61
743 4233 908 4300 dissuendi
930 4233 1047 4302 codicis
1070 4241 1102 4300 61
1126 4233 1218 4300 66611
1240 4235 1389 4300 remediis
1413 4234 1562 4301 chemicis
1583 4234 1760 4319 temptandi
1782 4254 1973 4317 quamquam
1995 4254 2057 4299 non
2081 4232 2140 4298 fuit

691 4373 801 4421 suasor
827 4355 1020 4440 approbator
1047 4361 1132 4420 certe
1162 4352 1220 4419 fuit
1249 4373 1352 4437 neque
1380 4354 1552 4438 quidquam
1581 4374 1704 4421 mecum
1732 4356 1772 4421 116
1800 4353 1925 4419 damnis
1950 4374 1971 4418 a
1993 4352 2139 4419 Bluhmio

690 4474 787 4540 illatis
814 4474 1040 4559 expostulauit.
1094 4474 1187 4539 Nunc
1214 4473 1311 4557 igitur
1339 4475 1561 4557 quaterniones
1592 4475 1786 4543 commodius
1815 4474 1909 4540 661611
1943 4482 1975 4540 61
2001 4473 2138 4557 separati

691 4601 722 4660 61
744 4615 765 4659 6
787 4594 851 4660 6116
872 4593 1024 4660 6161116611
1050 4595 1154 4659 iacent
1182 4595 1281 4660 cistae
1303 4593 1416 4660 inclusi
1446 4603 1478 4662 61
1499 4594 1609 4661 charta
1631 4596 1709 4660 satis
1736 4593 1843 4660 uestiti
1871 4594 2053 4678 saeptique3
2085 4593 2138 4676 qni

691 4715 858 4780 cum-olim
887 4714 982 4780 nimis
1008 4721 1077 4780 arte
1099 4714 1172 4779 nexi
1195 4719 1227 4780 et
1249 4714 1456 4798 conglutinati
1482 4735 1545 4781 nno
1567 4715 1728 4780 uolumine
1750 4714 1994 4793 continerentur,
2018 4733 2139 4779 66666-

691 4835 766 4899 dum
793 4835 869 4914 fuit,
902 4854 943 4900 ne
971 4853 1106 4918 rugosae
1138 4842 1171 4899 et
1202 4835 1409 4900 tenuissimae
1441 4835 1645 4901 membranae
1672 4834 1705 4899 ui
1734 4835 1879 4900 intensae
1908 4833 2136 4899 scinderentur.

691 4955 729 5019 In
751 4954 898 5020 remediis
925 4961 1030 5020 autem
1060 4953 1211 5020 chemicis
1238 4953 1428 5020 adhibendis
1451 4961 1484 5022 et
1504 4971 1618 5040 parcus
1640 4953 1686 5020 fni
1709 4961 1741 5020 et
1763 4961 1889 5032 666166,
1922 4972 2023 5036 66666
2045 4952 2137 5036 66111-

691 5094 787 5159 qnam
807 5075 939 5159 6166166
960 5095 981 5140 6
1003 5094 1054 5140 616
1076 5074 1278 5139 commissum
1301 5093 1371 5140 esse
1394 5075 1539 5140 conscius
1569 5072 1645 5140 mihi
1669 5093 1757 5149 sum;
1789 5073 1885 5138 immo
1912 5080 2043 5138 6616661
2065 5093 2140 5157 pro·

690 5208 819 5279 gressus
843 5214 932 5273 sum,
964 5194 1069 5277 quoad
1097 5193 1245 5279 progredi
1274 5193 1351 5260 mihi
1380 5195 1475 5260 licere
1502 5194 1682 5259 arbitrarer.
1730 5193 1813 5256 Narn
1837 5213 1907 5258 cum
1930 5193 2138 5258 remediorum

691 5315 764 5385 aliis
794 5315 958 5381 extenuari
987 5315 1059 5380 aliis
1088 5313 1192 5380 inflari
1215 5315 1288 5380 aliis
1316 5313 1471 5379 6611616111
1500 5312 1652 5398 distingui
1688 5313 1875 5397 scripturam
1904 5312 2037 5396 ideoque
2066 5312 2139 5377 aliis
