4912 6506
279 891 348 936 rum
377 891 437 937 nec
466 871 544 936 satis
570 871 755 937 uolubilinm
786 877 850 937 tam
879 870 1020 936 difficilis
1049 873 1134 938 lectu
1164 879 1229 954 est,
1261 879 1296 937 nt
1321 871 1355 936 id
1385 871 1470 955 quod
1499 890 1632 938 conarer
1658 872 1730 958 ipse

280 990 409 1076 saepius
440 990 674 1075 desperauerim
704 1011 755 1058 me
786 992 936 1074 consequi
965 1011 1071 1076 posse.
1118 989 1255 1058 Omnino
1285 999 1389 1056 autem
1413 991 1441 1062 si
1464 991 1591 1086 quaudo
1612 991 1672 1058 tiro
1694 991 1728 1057 in

279 1110 521 1196 palimpsestum
549 1111 691 1209 incidas,
721 1112 822 1197 primo
852 1113 961 1178 obtutu
984 1113 1114 1178 uerbum
1142 1101 1271 1197 prorsus
1299 1113 1422 1176 nullum
1444 1112 1496 1176 uel
1525 1111 1727 1178 millesimam

278 1238 399 1316 partem
415 1230 470 1296 uix
492 1231 679 1316 intellegas:
706 1253 781 1298 uam
797 1232 851 1297 ubi
865 1234 1005 1298 culmina
1027 1233 1196 1316 apicesque
1218 1232 1395 1297 litterarum
1418 1231 1542 1306 uideas,
1568 1254 1632 1299 uon
1655 1233 1728 1300 ideo

250 1383 255 1386 ·
277 1355 383 1417 cernis
404 1353 573 1418 uocabula.

364 1473 439 1558 Ipse
462 1492 571 1540 mense
587 1473 672 1538 Maio
694 1473 770 1538 anni
796 1475 875 1537 1866
898 1473 986 1540 iussu
1009 1473 1193 1540 academiae
1216 1474 1391 1539 litterarum
1414 1473 1522 1558 regiae
1538 1475 1727 1542 Bcrussioae
1778 1557 1781 1564 ι

277 1592 434 1663 Veronam
461 1593 545 1671 adii,
575 1601 743 1679 postquam
768 1593 883 1658 Gaium
912 1613 1009 1677 saepe
1039 1614 1077 1660 ac
1106 1593 1416 1686 studioseulectitaui
1446 1600 1477 1658 et
1499 1594 1671 1662 Mediolani
1693 1597 1726 1661 in

277 1711 470 1780 bibliotheca
491 1713 705 1780 Ambrosiana
726 1733 786 1778 nec
808 1733 871 1778 non
894 1715 1012 1780 Romae
1034 1714 1068 1779 in
1089 1713 1246 1780 Vaticana
1268 1714 1566 1798 complureslibrcs
1588 1716 1726 1801 rescrip-

277 1841 326 1898 tos
349 1833 487 1916 legendo
507 1835 662 1920 percurri.
709 1832 911 1918 Palimpsesti
933 1833 1016 1900 enim
1039 1835 1131 1917 quasi
1153 1842 1239 1900 cotes
1263 1835 1539 1911 centonariorum,
1572 1836 1626 1919 qui
1649 1835 1725 1902 dnm

276 1953 372 2020 adfixi
394 1953 572 2021 adhaerent
593 1955 795 2036 membranis,
825 1955 897 2038 plus
920 1953 963 2018 ad
986 1953 1199 2038 dispiciendas
1223 1955 1397 2020 litterarum
1421 1955 1548 2021 umbras
1574 1959 1724 2022 momenti

276 2073 382 2140 adfert
405 2075 586 2141 exercitatio
609 2096 705 2158 quarn
728 2071 852 2140 natura.
900 2073 964 2140 Sed
986 2074 1110 2140 accedit
1131 2074 1235 2140 aliud:
1269 2076 1369 2141 oculis
1392 2075 1476 2140 enim
1500 2075 1648 2156 librorum
1673 2098 1725 2143 re-

276 2195 462 2278 scriptorum
487 2195 599 2261 ductus
621 2215 683 2262 non
707 2195 924 2280 percipiuntur
946 2194 1008 2260 nisi
1037 2195 1199 2263 recondita
1222 2195 1359 2278 quadam
1383 2197 1503 2261 ratione
1526 2215 1563 2261 ac
1588 2197 1619 2262 ui
1643 2218 1722 2281 qua·

276 2314 350 2390 dam
373 2315 471 2380 animi
495 2315 659 2382 diuinante
682 2323 713 2381 et
736 2315 908 2394 sentiente3
941 2335 1003 2398 qua
1025 2333 1107 2398 quae
1129 2315 1261 2381 inuenta
1283 2323 1314 2381 et
1336 2317 1515 2398 excogitata
1538 2325 1620 2398 sunt,
1647 2337 1724 2384 con-

274 2435 399 2503 firmata
420 2434 572 2520 deinceps
594 2435 823 2520 dignoscuntur
844 2435 954 2501 oculis.
1003 2435 1052 2498 Ita
1073 2433 1116 2514 iit,
1144 2441 1179 2502 ut
1200 2416 1283 2500 oculi
1306 2434 1376 2500 sine
1398 2433 1614 2515 diuinatione,
1639 2437 1723 2504 diui-

275 2556 362 2622 natio
391 2555 461 2622 sine
488 2555 588 2622 oculis
617 2555 696 2620 nihil
712 2555 876 2639 proficere
907 2555 1020 2640 possit.
1073 2554 1141 2620 Nec
1167 2575 1239 2620 raro
1269 2555 1322 2619 ubi
1345 2575 1428 2638 quae
1458 2555 1491 2620 in
1513 2556 1619 2621 animo
1641 2557 1724 2623 inest

274 2676 468 2760 praesagitio
488 2675 596 2742 oculos
619 2673 832 2760 praestrinxit,
858 2674 964 2742 denuo
986 2675 1130 2760 inspecto
1145 2674 1253 2741 codice
1268 2674 1404 2752 dubites,
1426 2683 1531 2742 utrum
1554 2677 1611 2742 illa
1625 2678 1723 2743 uerba

273 2818 314 2862 an
343 2802 491 2883 portenta
524 2795 597 2878 sint,
631 2815 713 2878 quae
735 2796 810 2860 olim
840 2795 1017 2861 litterarum
1040 2796 1179 2878 uestigia
1202 2796 1322 2862 rimans
1345 2796 1531 2880 conspicere
1554 2795 1611 2862 tibi
1634 2797 1723 2863 uisus

276 2919 332 2984 sis.
379 2917 506 2982 Deinde
529 2916 624 2982 lectio
646 2915 766 3000 pendet
787 2935 828 2981 ex
850 2915 1031 2982 adcretione
1054 2924 1086 2982 et
1108 2915 1316 2982 diminutione
1343 2915 1420 2981 solis
1443 2916 1628 2996 meridiani;
1662 2937 1725 3000 quo

275 3039 368 3104 modo
397 3045 483 3103 recte
511 3036 606 3102 modo
633 3037 762 3120 oblique
790 3036 897 3102 oblato
927 3042 959 3100 et
987 3055 1223 3119 nonnumquam
1258 3036 1344 3104 limis
1379 3045 1529 3122 spectans
1558 3045 1725 3123 pactorum

275 3159 369 3225 modo
398 3179 460 3242 quo
490 3157 611 3223 diutius
640 3157 674 3221 in
703 3156 921 3240 palimpsestis
944 3155 1090 3240 legendis
1113 3165 1259 3223 uersatus
1281 3157 1362 3238 eris,
1397 3176 1434 3223 eo
1458 3157 1582 3224 felicior
1604 3159 1668 3224 eris
1690 3159 1723 3223 in

275 3275 529 3348 intemcscendis
551 3279 728 3342 litterarum
751 3276 935 3342 trabiaulis:
966 3297 1040 3342 nam
1064 3278 1193 3362 saepius
1216 3277 1271 3343 ubi
1293 3279 1397 3363 ipsum
1410 3271 1632 3372 'atramentum
1657 3278 1729 3344 fere·

275 3408 373 3466 totum
397 3397 530 3464 euanuit
552 3405 585 3462 et
606 3417 647 3462 ne
669 3397 852 3462 fortissimis
874 3397 1001 3480 quidem
1025 3397 1266 3464 medicamentis
1293 3397 1445 3466 adhibitis
1469 3397 1613 3464 eminens
1636 3400 1723 3466 litte-

274 3539 380 3586 rarum
410 3517 534 3601 effigies
556 3517 741 3586 resuscitari
764 3524 886 3602 potest,
919 3519 1071 3586 memoria
1094 3519 1271 3586 litterarum
1295 3519 1531 3604 deperditarum
1555 3529 1587 3586 et
1609 3521 1723 3588 adurc-

274 3641 367 3706 brata
396 3638 504 3722 imago
533 3645 679 3722 superest
707 3637 857 3704 tenuibus
880 3638 977 3704 sulcis
1001 3640 1033 3705 in
1056 3641 1242 3706 membrana
1265 3649 1413 3720 seruata;
1443 3642 1475 3706 ui
1499 3641 1583 3706 enim
1607 3642 1722 3707 calami

275 3762 461 3828 membrana
483 3757 673 3842 imprimitur
694 3776 757 3823 non
780 3757 877 3822 nimio
894 3777 985 3824 secus
1003 3779 1041 3823 ac
1056 3779 1139 3825 aera.
1180 3760 1312 3826 Accedit
1327 3760 1463 3844 deniqne
1479 3760 1563 3845 quod
1578 3769 1723 3846 prompto

275 3902 402 3967 semper
429 3879 473 3946 ad
501 3878 711 3952 diuinandum
738 3877 844 3944 animo
873 3897 952 3962 opus
981 3885 1047 3946 est:
1085 3899 1123 3944 eo
1157 3879 1242 3945 enim
1270 3881 1341 3965 ipso
1368 3881 1519 3967 temporis
1548 3889 1718 3964 momento,

274 4022 335 4084 quo
356 4000 505 4067 Phoebus
527 3997 620 4080 ridet,
647 3997 879 4082 periclitandae
902 4007 975 4064 sunt
997 3999 1082 4064 uires
1104 3999 1241 4084 ingenii;
1273 4000 1386 4084 quodsi
1408 4001 1604 4084 aliquamdiu
1626 4023 1724 4068 cunc-

272 4129 357 4188 tatus
382 4121 462 4202 aris,
496 4119 623 4185 amittes
646 4117 849 4185 discernendi
879 4119 1075 4200 facultatem,
1111 4119 1138 4184 si
1162 4119 1256 4185 nimis
1279 4121 1511 4206 properaucris,
1541 4142 1605 4188 uon
1626 4122 1723 4188 adsc-

273 4241 397 4326 queris;
423 4241 468 4308 ita
490 4240 537 4320 fit,
562 4245 595 4304 nt
618 4259 691 4304 cum
714 4239 834 4306 sensim
856 4239 999 4305 dissuere
1021 4241 1157 4306 obscura
1179 4239 1360 4323 fragmenta
1382 4241 1558 4306 litterarum
1580 4248 1614 4306 et
1635 4261 1722 4306 com-

271 4381 390 4446 ponere
418 4362 473 4426 uel
502 4359 679 4444 interrupta
707 4365 877 4426 contexere
906 4379 1062 4443 nequeas,
1100 4360 1274 4425 uerendum
1309 4360 1365 4442 sit,
1403 4380 1444 4426 ne
1473 4362 1506 4426 in
1534 4382 1596 4427 non
1623 4361 1723 4428 nullis

272 4481 426 4562 haerens,
465 4500 549 4564 quae
576 4488 662 4547 certo
696 4479 875 4565 disperisse
905 4479 962 4546 tibi
992 4480 1141 4558 uideam,
1178 4489 1308 4565 repente
1337 4481 1505 4566 praecidas
1535 4481 1633 4548 totius
1662 4483 1722 4548 loci

270 4602 479 4686 intellegendi
501 4600 698 4668 facultatem.
1556 4679 1562 4690 ἡ

358 4720 423 4790 Sed
450 4729 485 4786 ut
514 4741 552 4788 eo
582 4729 743 4802 reuertar,
784 4721 868 4787 unde
901 4723 1064 4808 digressus
1098 4741 1182 4788 sum:
1224 4722 1383 4788 Veronam
1416 4723 1514 4806 igitur
1546 4722 1720 4807 profectum

271 4843 445 4910 Carolus
473 4863 607 4910 comes
639 4841 822 4908 Ginliari
851 4841 1061 4908 bibliothecae
1090 4843 1276 4927 capitularis
1302 4842 1501 4928 praefectus,
1534 4863 1631 4926 quem
1660 4865 1720 4932 ego

271 4963 422 5049 inprimis.
440 4984 512 5029 amo
531 4983 701 5045 carumque
724 4961 837 5040 liabeo,
856 4961 977 5047 insigni
1000 4981 1038 5028 ac
1053 4982 1181 5046 prorsus
1205 4965 1302 5030 unica
1315 4963 1508 5032 liberalitate
1529 4963 1665 5044 adiuuit,
1691 4971 1723 5030 et

271 5084 356 5168 qnod
384 5091 480 5149 antea
507 5081 690 5167 petentibus
709 5071 911 5164 ⁴denegatum
941 5091 1025 5164 erat,
1057 5082 1135 5148 mihi
1166 5083 1327 5167 permisit,
1360 5089 1394 5150 ut
1423 5083 1494 5149 libri
1517 5084 1601 5150 male
1622 5084 1722 5152 babiti

271 5203 440 5271 lectionem
470 5201 574 5270 denuo
602 5202 776 5287 experirer.
823 5203 934 5286 ltaque
960 5202 1036 5268 dum
1060 5202 1194 5268 Giuliari
1224 5203 1294 5286 ipse
1316 5224 1435 5287 magna
1464 5225 1537 5270 cum
1559 5205 1722 5270 uoluntate

271 5344 306 5390 se
327 5323 470 5408 adplicat
490 5323 533 5388 ad
556 5322 700 5388 codicum
723 5322 952 5389 Veronensium
976 5321 1221 5408 descriptionem
1245 5323 1485 5407 absoluendam,
1515 5345 1575 5410 ego
1597 5324 1723 5410 patien-
