4912 6506
1259 521 1492 578 ..ΣΧ-,-

652 813 720 878 »tic
761 811 864 890 Quam
888 813 1095 880 Illustrissimi
1113 814 1351 894 Niebuhrii‚
1376 814 1409 878 in
1429 833 1491 896 quo
1506 811 1711 897 splendidum
1727 810 1901 894 ingenium,
1919 831 1960 875 an
1976 810 2097 876 incom-

653 933 840 1016 nparabilem
863 933 1037 999 doctrinam
1067 935 1171 1018 magis
1201 934 1386 1012 admireris,
1416 928 1559 1012 nescias,
1592 920 1766 1022 immortali¹
1790 929 1941 996 debemus
1971 931 2094 998 merito.

651 1053 698 1118 »Is
721 1053 805 1118 enim
828 1056 1023 1120 ann01816.
1050 1056 1091 1120 ab
1107 1055 1342 1138 Angustissimo
1357 1055 1565 1120 Bornssorum
1586 1052 1674 1135 Rege
1684 1052 1822 1116 Romam
1845 1051 1970 1130 missus,
1997 1057 2031 1117 ut
2052 1051 2095 1118 ibi

654 1173 759 1257 »Regii
781 1173 824 1239 ad
840 1173 955 1240 Sedem
970 1175 1185 1259 apostolicam
1204 1175 1316 1259 Legati
1331 1176 1442 1250 locum
1458 1179 1637 1257 occuparet,
1662 1172 1695 1236 in
1716 1172 1851 1237 transitu
1866 1170 2095 1238 Bibliothecam

654 1286 883 1378 »Capitularem
907 1295 1123 1361 Veronensem
1146 1294 1308 1362 lustravit:
1339 1314 1471 1377 cumque
1494 1293 1527 1358 iu
1550 1292 1691 1358 codicem
1714 1292 1805 1358 Xlll.
1831 1291 2007 1370 incidisset,
2032 1313 2096 1358 non
2163 1301 2166 1308 '

654 1413 778 1492 ruodo,
813 1414 1034 1498 antiquissima
1062 1416 1221 1500 scriptura
1255 1416 1369 1482 veteris
1398 1415 1536 1499 alicujus
1566 1413 1783 1479 Iurisconsulti
1819 1431 1899 1498 opus
1928 1412 2092 1495 contineri,

652 1535 773 1600 »statim
797 1535 1040 1611 animadvertit;
1073 1536 1148 1613 sed,
1173 1537 1277 1620 gallae
1300 1535 1405 1602 infuso
1427 1515 1588 1612 adhibito,
1612 1531 1646 1600 in
1669 1533 1746 1615 lolio
1768 1535 1822 1598 97.
1847 1533 1972 1598 deletae
1995 1533 2095 1619 scrip-

652 1661 754 1719 »turae
771 1654 882 1721 ductus
904 1663 969 1722 tam
992 1677 1146 1741 prospero
1169 1676 1318 1721 successu
1341 1655 1488 1734 restituit,
1514 1663 1547 1721 nt
1569 1654 1640 1738 ejus
1658 1652 1890 1718 transcribendi
1912 1651 2094 1720 facultatem

652 1773 912 1842 nancisceretur.
952 1777 1123 1841 Praeterea
1145 1776 1314 1859 fragmenti
1330 1775 1370 1842 dc
1392 1775 1676 1860 praescriptionum
1692 1780 1732 1839 et
1752 1772 1988 1842 interdictorum
2006 1773 2093 1857 jure,

652 1894 750 1979 »qnod
779 1895 928 1978 genuinis
959 1896 1034 1979 Gaji
1064 1897 1317 1964 Institutionibus
1346 1896 1532 1980 adjudicare
1555 1915 1616 1960 non
1641 1876 1812 1975 dubitavit,
1847 1893 1972 1978 plenius
2000 1901 2095 1978 atque

650 2016 842 2082 »accuratius
857 2016 1037 2099 exemplum
1054 2016 1240 2100 composuit,
1266 2037 1360 2101 quam
1378 2016 1462 2100 quod
1483 2016 1557 2082 clim
1581 2014 1667 2101 typis
1688 2014 1876 2098 vulgaverat
1890 2011 2090 2081 Mafieius.

651 2135 808 2202 »Tandem
831 2136 904 2221 ejus
932 2155 1056 2220 quoque
1084 2137 1270 2221 fragmenti,
1304 2137 1389 2221 quod
1415 2135 1458 2203 nd
1486 2143 1653 2202 traetmum
1677 2134 1722 2200 ¹de
1746 2135 1820 2218 jure
1848 2131 1917 2199 fisci
1945 2135 2093 2219 pertinet,

650 2256 896 2322 »transcribendi
920 2256 995 2322 lecit
1016 2257 1207 2341 pericnlum:
1242 2265 1273 2323 ct
1302 2258 1377 2323 licet
1405 2257 1558 2341 temporis
1581 2251 1738 2340 angustiis
1760 2254 1983 2338 impediretur,
2013 2275 2095 2338 quo

651 2375 769 2443 »minus
792 2375 904 2441 barum
927 2377 1195 2456 membranarum,
1220 2398 1354 2461 quarum
1376 2377 1517 2463 pessima
1530 2379 1587 2442 ¹est
1609 2375 1761 2456 condicio,
1787 2382 1969 2440 accuratum
1986 2395 2095 2442 exem-

637 2489 750 2580 'rplnm
773 2497 966 2575 absolveret,
990 2498 1099 2582 magni
1121 2507 1227 2566 tamen
1244 2496 1475 2565 aestimandum
1497 2503 1565 2564 erat
1580 2497 1631 2562 vel
1654 2497 1759 2562 minus
1781 2495 1962 2560 absolutum
1985 2515 2093 2562 earnm

650 2616 902 2702 »apographum
928 2618 1013 2683 omui
1036 2618 1120 2684 enim
1143 2626 1237 2684 antea
1259 2619 1509 2685 destituebamnr
1523 2624 1611 2700 certa
1625 2624 1721 2700 atque
1737 2615 1867 2682 delinita
1886 2615 1984 2700 hujus
2007 2615 2094 2700 srag-

650 2737 762 2804 nmenti
784 2737 907 2802 notitia.
955 2736 1046 2814 Quae
1068 2740 1175 2804 omnia
1197 2739 1305 2816 biduo,
1329 2758 1432 2821 eoque
1454 2756 1495 2803 ne
1516 2737 1639 2820 integro
1661 2736 1801 2819 quidem,
1832 2736 2093 2802 Niebnbrium

648 2855 844 2941 »perfecisse
864 2855 905 2934 ei,
928 2858 982 2940 qui
999 2858 1221 2925 difficultatum
1236 2859 1269 2924 in
1285 2856 1441 2942 ejusmodi
1458 2858 1552 2924 rebus
1567 2843 1818 2942 superandamm
1833 2876 1952 2941 gnarus
1967 2863 2027 2936 est,
2044 2854 2095 2922 in-

648 2975 812 3043 »credibile
824 2975 924 3044 videri
936 2979 1047 3062 possit.
1075 2978 1199 3063 Operae
1211 2979 1346 3044 fructum
1358 2977 1602 3044 Niebuhrins
1618 2987 1688 3042 cnm
1700 2961 1916 3043 Illustrissimo
1929 2978 2020 3044 Sevi
2029 2977 2094 3044 nio

649 3097 916 3163 ncommnnicavit.
956 3097 1031 3178 Qui,
1055 3106 1091 3163 ut
1105 3099 1190 3184 typis
1205 3099 1442 3177 mandarentur,
1467 3116 1548 3181 quae
1564 3097 1815 3163 Niebuhrius
1838 3097 2090 3182 transcripserat,

650 3216 776 3284 »sedulo
791 3217 912 3284 curavit
924 3221 960 3302 Β).
1001 3218 1134 3302 Propria
1155 3225 1321 3303 practerea
1343 3237 1454 3302 eaque,
1480 3226 1515 3283 nt
1536 3217 1626 3298 solet,
1651 3217 1836 3284 doctissima
1856 3224 1952 3300 atque
1974 3219 2095 3284 aeuus·

650 3336 746 3402 »sima
768 3337 915 3420 adjunxit
937 3339 1180 3419 commentaria,
1204 3339 1237 3404 in
1260 3339 1390 3423 quibus,
1416 3339 1537 3404 utalia
1558 3331 1676 3416 multa,
1701 3337 1746 3404 ita
1767 3337 1851 3403 bane
1873 3357 1997 3421 quoque
2019 3358 2094 3404 eon-

635 3437 817 3540 -njectnram
840 3458 873 3524 in
896 3459 1035 3525 medium
1057 3459 1208 3544 protulit,
1238 3459 1403 3542 antiquum
1425 3457 1542 3524 codicis
1565 3459 1655 3524 XIII.
1681 3465 1863 3528 contextum
1886 3477 1926 3522 ex
1947 3457 2095 3541 genuinis

651 3575 742 3662 »Gaji
769 3577 1022 3644 Institutionibus
1051 3580 1218 3665 repetitum
1253 3599 1341 3661 esse,
1377 3552 1649 3664 fragmentnmqne
1678 3579 1718 3645 de
1753 3577 2037 3664 praescriptionum
2065 3585 2098 3645 et

652 3697 902 3764 »interdictorum
921 3699 995 3783 jure
1026 3699 1122 3785 hujus
1144 3699 1263 3767 codicIs
1285 3699 1456 3783 aliquando
1479 3700 1579 3766 luisse
1600 3697 1770 3785 pantenu.
1816 3695 1906 3776 Quae
1928 3718 1999 3765 cnm
2022 3719 2096 3766 mox

652 3837 722 3901 »per
744 3818 925 3884 unirersam
948 3819 1151 3886 Germaniam
1175 3820 1399 3903 vulgarentur,
1430 3827 1521 3886 tanta
1549 3827 1659 3887 exorta
1688 3827 1737 3886 cst
1765 3818 1929 3886 doctorum
1956 3819 2096 3886 virorum

653 3936 708 4004 ode
738 3937 899 4004 codicibus
930 3939 1164 4006 Veronensibus
1191 3941 1384 4025 expectatio,
1423 3947 1618 4025 tantumque¹
1639 3925 1795 4036 imprimis
1829 3938 1970 4006 codicem
1999 3940 2092 4006 XIII.

528 4069 533 4077 ·
653 4057 806 4141 »penitius
834 4059 1046 4142 cognoscendi
1073 4058 1283 4140 desiderium,
1315 4067 1350 4126 nt
1371 4059 1547 4128 Academia
1568 4059 1780 4138 scientiarum
1803 4059 1904 4144 Regia
1926 4059 2097 4127 Borussiea

654 4177 753 4244 »vires
776 4177 855 4244 duos
870 4178 1027 4245 Veronam
1050 4180 1174 4247 mittere
1196 4180 1412 4259 constitueret,
1438 4181 1504 4265 qni,
1528 4181 1612 4264 qnod
1634 4161 2094 4265 incepisset'Niebnhrius,

653 4306 818 4380 »quantum
849 4298 917 4364 fieri
944 4306 1069 4386 posset,
1100 4299 1298 4386 perficerent.
1345 4301 1445 4386 quue
1467 4301 1629 4385 negotium
1656 4300 1868 4368 Celeberrimo
1895 4299 2095 4379 Bekkero,

653 4417 828 4502 »philologo
850 4418 1011 4504 primario,
1032 4419 1225 4488 Academiae
1248 4422 1343 4502 socio,
1370 4421 1510 4505 mihique
1532 4422 1642 4488 datum
1664 4431 1721 4488 est.
1762 4420 1873 4504 Itaque
1889 4438 1997 4486 mense
2012 4421 2098 4505 llajo

654 4539 744 4603 »anni
777 4542 868 4604 1817.
901 4540 1048 4606 Berolinc
1084 4539 1216 4626 proiecti
1250 4542 1308 4608 snb
1342 4543 1464 4610 mensis
1498 4542 1593 4608 linem
1622 4541 1779 4608 Veronam
1808 4539 1964 4606 venimus.
2017 4540 2095 4607 (lum
2200 4529 2205 4580 ἶ

655 4664 774 4724 numen
798 4678 836 4725 ea
859 4659 902 4725 sit
922 4659 1140 4728 Bibliothecae
1162 4660 1355 4747 capitularis
1379 4663 1502 4746 legibus
1529 4662 1674 4728 instituta
1695 4661 1794 4752 ratio,
1825 4660 1961 4746 primum
1987 4667 2022 4726 ut
2043 4680 2098 4726 co-

655 4777 750 4844 ndicis
773 4778 910 4862 alicujus
933 4779 1059 4846 domum
1083 4780 1246 4847 auferendi
1271 4783 1389 4848 nemini
1406 4803 1552 4866 nmquam
1569 4782 1663 4849 venia
1678 4781 1788 4860 detur;
1813 4780 1928 4848 deinde
1943 4787 1978 4846 nt
1995 4780 2097 4847 Bibli-

656 4897 801 4964 »otnecne
830 4900 948 4966 scrinia
979 4900 1114 4986 publicis
1144 4901 1254 4968 usibus
1283 4921 1380 4968 unam
1413 4909 1535 4968 tantum
1565 4901 1700 4986 singulis
1722 4901 1834 4978 diebus
1857 4899 1967 4968 horam
1989 4907 2101 4987 patere

724 5174 744 5213 δι
766 5172 841 5228 »vin
863 5173 992 5229 Zeitschr.
1013 5177 1031 5230 i.
1053 5175 1144 5246 gesch.
1167 5175 1301 5232 Rechtsw.
1322 5175 1378 5230 ΙΙΙ.
1399 5195 1424 5248 p.
1448 5179 1592 5231 tto-tte.
1616 5143 1765 5229 ltro-158.v
1782 5176 1925 5229 res-tes.

725 5277 743 5336 ”t
766 5275 839 5330 »viu
860 5277 991 5334 Zeitschr.
1012 5279 1031 5334 f.
1051 5281 1144 5352 gesch.
1165 5281 1302 5335 Rechtsv.
1322 5279 1378 5336 Ill.
1399 5297 1425 5351 p.
1448 5283 1506 5333 172.
